Time,SchedLat_Total_ms,SchedLat_Avg_ms,SchedLat_P95_ms,SchedLat_P99_ms,SchedLat_Max_ms,SchedLat_Count,SchedLat_Dropped,DState_Total_ms,DState_Count,SoftIRQ_Total_ms,SoftIRQ_Count,CPUUtil,PSI,BaselineMode,BaselineSamples,Friction,Direction,dF_dt,Energy,Energy_W,Energy_Vol,Energy_kFactor
2026-02-17 13:29:13.860,0.42,0.0209,0.0150,0.0150,0.1130,20,0,0.00,0,0.00,1,,,CALIBRATING,0,,,,,40,0.000000,1.000000
2026-02-17 13:29:14.860,331.38,0.0190,0.0150,0.0150,6.0070,17428,0,29.48,34,16.40,521,2.270903,0.262046,CALIBRATING,1,,,,,40,0.000000,1.000000
2026-02-17 13:29:15.860,370.52,0.0191,0.0150,0.0150,4.4250,19351,0,36.71,134,34.50,881,2.238292,0.371866,CALIBRATING,2,,,,,40,0.000000,1.000000
2026-02-17 13:29:16.860,2100.76,0.0760,0.0150,0.0150,99.8400,27640,2,40.25,54,34.02,608,2.629464,10.349344,CALIBRATING,3,,,,,40,0.000000,1.000000
2026-02-17 13:29:17.860,1732.67,0.0962,0.0150,0.0150,99.8850,18002,2,27.82,51,35.78,625,2.833544,6.235604,CALIBRATING,4,,,,,40,0.000000,1.000000
2026-02-17 13:29:18.860,349.75,0.0183,0.0150,0.0150,3.9250,19131,1,56.89,166,21.93,754,2.213049,0.228945,CALIBRATING,5,,,,,40,0.000000,1.000000
2026-02-17 13:29:19.860,355.06,0.0186,0.0150,0.0150,3.0130,19050,0,30.45,36,16.91,596,2.443221,0.250383,CALIBRATING,6,,,,,40,0.000000,1.000000
2026-02-17 13:29:20.860,350.12,0.0184,0.0150,0.0150,3.7340,18981,0,53.74,66,13.39,477,2.098383,0.248912,CALIBRATING,7,,,,,40,0.000000,1.000000
2026-02-17 13:29:21.860,938.15,0.0512,0.0150,0.0150,93.2370,18333,1,34.65,126,14.72,609,2.408257,5.807592,CALIBRATING,8,,,,,40,0.000000,1.000000
2026-02-17 13:29:22.860,402.20,0.0149,0.0150,0.0150,3.0480,26995,1,41.59,51,22.98,669,3.216912,0.295632,CALIBRATING,9,,,,,40,0.000000,1.000000
2026-02-17 13:29:23.860,383.36,0.0166,0.0150,0.0150,4.0120,23129,1,55.42,36,14.54,424,2.442661,0.294505,CALIBRATING,10,,,,,40,0.000000,1.000000
2026-02-17 13:29:24.860,344.99,0.0180,0.0150,0.0150,4.0040,19134,0,56.90,139,15.90,654,3.384580,0.703917,CALIBRATING,11,,,,,40,0.000000,1.000000
2026-02-17 13:29:25.860,1048.03,0.0592,0.0150,0.0150,99.4020,17711,0,48.26,53,22.75,568,2.385595,5.447061,CALIBRATING,12,,,,,40,0.000000,1.000000
2026-02-17 13:29:26.860,378.12,0.0192,0.0150,0.0150,4.0100,19706,0,50.66,38,15.24,522,3.179522,0.336200,CALIBRATING,13,,,,,40,0.000000,1.000000
2026-02-17 13:29:27.860,418.37,0.0204,0.0150,0.0150,32.6240,20494,0,46.85,206,32.69,933,2.443782,0.358713,CALIBRATING,14,,,,,40,0.000000,1.000000
2026-02-17 13:29:28.860,358.17,0.0203,0.0150,0.0150,11.1930,17610,0,41.65,38,17.89,551,2.097181,0.246770,CALIBRATING,15,,,,,40,0.000000,1.000000
2026-02-17 13:29:29.860,349.96,0.0183,0.0150,0.0150,4.0030,19079,2,43.50,29,14.54,460,2.364012,0.224444,CALIBRATING,16,,,,,40,0.000000,1.000000
2026-02-17 13:29:30.860,376.82,0.0178,0.0150,0.0150,4.0030,21216,0,65.53,189,28.16,836,3.054312,0.277498,CALIBRATING,17,,,,,40,0.000000,1.000000
2026-02-17 13:29:31.860,725.30,0.0407,0.0150,0.0150,63.5590,17811,1,28.66,24,19.90,456,2.029118,3.123426,CALIBRATING,18,,,,,40,0.000000,1.000000
2026-02-17 13:29:32.860,1542.67,0.0798,0.0150,0.0150,99.8550,19333,0,42.19,44,47.03,741,3.066498,5.697923,CALIBRATING,19,,,,,40,0.000000,1.000000
2026-02-17 13:29:33.860,2109.46,0.0812,0.0150,0.0150,96.4530,25991,0,73.84,153,29.82,729,2.537896,8.161813,CALIBRATING,20,,,,,40,0.000000,1.000000
2026-02-17 13:29:34.860,357.22,0.0177,0.0150,0.0150,4.6620,20229,0,92.49,70,21.07,720,2.502870,0.242011,CALIBRATING,21,,,,,40,0.000000,1.000000
2026-02-17 13:29:35.860,388.20,0.0162,0.0150,0.0150,4.6600,23973,0,238.97,395,13.09,469,2.342135,0.284914,CALIBRATING,22,,,,,40,0.000000,1.000000
2026-02-17 13:29:36.860,3374.07,0.1196,0.0150,0.0150,99.8610,28211,1,86.48,180,21.85,772,4.928768,12.540421,CALIBRATING,23,,,,,40,0.000000,1.000000
2026-02-17 13:29:37.860,364.58,0.0186,0.0150,0.0150,4.0010,19629,0,48.75,53,22.11,635,2.215335,0.270813,CALIBRATING,24,,,,,40,0.000000,1.000000
2026-02-17 13:29:38.860,2801.78,0.1518,0.0150,0.0150,99.8170,18462,0,20.58,29,15.78,504,2.294631,15.774580,CALIBRATING,25,,,,,40,0.000000,1.000000
2026-02-17 13:29:39.860,657.44,0.0338,0.0150,0.0150,99.5790,19434,0,19.59,138,18.22,686,2.387237,2.227910,CALIBRATING,26,,,,,40,0.000000,1.000000
2026-02-17 13:29:40.860,347.38,0.0177,0.0150,0.0150,3.0160,19584,0,45.79,65,19.68,501,2.271424,0.235895,CALIBRATING,27,,,,,40,0.000000,1.000000
2026-02-17 13:29:41.860,341.73,0.0175,0.0150,0.0150,3.4640,19573,0,41.89,45,14.10,492,3.224696,0.205217,CALIBRATING,28,,,,,40,0.000000,1.000000
2026-02-17 13:29:42.860,380.21,0.0169,0.0150,0.0150,3.7760,22460,0,74.44,265,31.34,886,2.712020,0.258267,CALIBRATING,29,,,,,40,0.000000,1.000000
2026-02-17 13:29:43.860,387.40,0.0145,0.0150,0.0150,3.0120,26790,1,23.95,43,14.70,476,2.824989,0.291004,CALIBRATING,30,,,,,40,0.000000,1.000000
2026-02-17 13:29:44.860,357.58,0.0188,0.0150,0.0150,4.0070,18998,0,42.31,47,18.41,598,2.305310,0.279417,CALIBRATING,31,,,,,40,0.000000,1.000000
2026-02-17 13:29:45.860,343.43,0.0173,0.0150,0.0150,3.4760,19873,0,33.90,150,21.76,792,2.168675,0.251803,CALIBRATING,32,,,,,40,0.000000,1.000000
2026-02-17 13:29:46.860,420.10,0.0156,0.0150,0.0150,7.3100,26852,0,51.39,54,28.09,577,3.182811,0.389526,CALIBRATING,33,,,,,40,0.000000,1.000000
2026-02-17 13:29:47.860,342.83,0.0179,0.0150,0.0150,3.0150,19131,0,36.25,56,37.96,638,2.406877,0.228592,CALIBRATING,34,,,,,40,0.000000,1.000000
2026-02-17 13:29:48.860,360.02,0.0190,0.0150,0.0150,3.0280,18975,0,27.33,130,40.58,817,2.997244,0.257113,CALIBRATING,35,,,,,40,0.000000,1.000000
2026-02-17 13:29:49.860,367.69,0.0199,0.0150,0.0150,4.5370,18500,0,33.92,45,21.43,637,2.202593,0.293424,CALIBRATING,36,,,,,40,0.000000,1.000000
2026-02-17 13:29:50.860,335.52,0.0182,0.0150,0.0150,3.6290,18465,1,44.57,74,13.16,477,2.157695,0.230968,CALIBRATING,37,,,,,40,0.000000,1.000000
2026-02-17 13:29:51.860,338.10,0.0191,0.0150,0.0150,3.3600,17687,0,44.62,138,13.80,575,2.019043,0.221495,CALIBRATING,38,,,,,40,0.000000,1.000000
2026-02-17 13:29:52.860,553.92,0.0207,0.0150,0.0150,65.0340,26725,0,47.02,42,20.96,633,3.261743,0.766891,CALIBRATING,39,,,,,40,0.000000,1.000000
2026-02-17 13:29:53.860,375.45,0.0151,0.0150,0.0150,3.0140,24824,0,26.99,21,19.29,523,3.076923,0.249096,CALIBRATING,40,,,,,40,0.000000,1.000000
2026-02-17 13:29:54.860,2453.82,0.1264,0.0150,0.0150,198.2180,19407,0,45.78,169,16.08,707,2.569986,13.209921,CALIBRATING,41,,,,,40,0.000000,1.000000
2026-02-17 13:29:55.860,1719.80,0.0841,0.0150,0.0150,97.1190,20451,0,40.44,80,27.68,709,2.594421,1.526064,CALIBRATING,42,,,,,40,0.000000,1.000000
2026-02-17 13:29:56.860,3405.96,0.1843,0.0150,0.0150,99.8300,18485,0,78.73,107,12.95,467,3.129657,19.051878,CALIBRATING,43,,,,,40,0.000000,1.000000
2026-02-17 13:29:57.860,361.79,0.0170,0.0150,0.0150,4.0190,21227,1,40.27,175,27.28,824,2.378764,0.245834,CALIBRATING,44,,,,,40,0.000000,1.000000
2026-02-17 13:29:58.860,331.47,0.0182,0.0150,0.0150,3.9990,18229,0,20.89,25,19.02,548,2.086677,0.260775,CALIBRATING,45,,,,,40,0.000000,1.000000
2026-02-17 13:29:59.860,867.04,0.0500,0.0150,0.0150,99.6080,17334,0,25.84,20,16.40,457,2.029584,8.427707,CALIBRATING,46,,,,,40,0.000000,1.000000
2026-02-17 13:30:00.860,2268.10,0.1096,0.0150,0.0150,99.8070,20699,1,87.51,152,19.18,745,2.582052,6.712338,CALIBRATING,47,,,,,40,0.000000,1.000000
2026-02-17 13:30:01.860,360.25,0.0201,0.0150,0.0150,4.0560,17897,0,26.60,34,27.16,530,2.800413,0.263996,CALIBRATING,48,,,,,40,0.000000,1.000000
2026-02-17 13:30:02.860,360.75,0.0172,0.0150,0.0150,4.0170,20958,1,57.40,80,35.66,688,2.180149,0.256797,CALIBRATING,49,,,,,40,0.000000,1.000000
2026-02-17 13:30:03.860,439.48,0.0171,0.0150,0.0150,10.2000,25667,0,54.16,134,39.55,774,3.298471,0.371909,CALIBRATING,50,,,,,40,0.000000,1.000000
2026-02-17 13:30:04.860,356.07,0.0183,0.0150,0.0150,4.6530,19412,1,47.78,63,20.52,690,2.180399,0.241601,CALIBRATING,51,,,,,40,0.000000,1.000000
2026-02-17 13:30:05.860,367.14,0.0189,0.0150,0.0150,4.0000,19392,0,32.49,58,19.12,611,2.342135,0.259078,CALIBRATING,52,,,,,40,0.000000,1.000000
2026-02-17 13:30:06.860,373.06,0.0195,0.0150,0.0150,4.0040,19156,0,97.92,225,17.47,709,5.190033,0.344120,CALIBRATING,53,,,,,40,0.000000,1.000000
2026-02-17 13:30:07.860,1233.76,0.0495,0.0150,0.0150,99.7560,24939,0,42.35,97,21.77,641,3.686689,6.391622,CALIBRATING,54,,,,,40,0.000000,1.000000
2026-02-17 13:30:08.860,345.07,0.0196,0.0150,0.0150,4.0290,17633,0,18.34,21,17.70,517,2.235469,0.222593,CALIBRATING,55,,,,,40,0.000000,1.000000
2026-02-17 13:30:09.860,374.72,0.0197,0.0150,0.0150,4.0160,19016,0,55.86,170,17.76,644,3.924719,0.323935,CALIBRATING,56,,,,,40,0.000000,1.000000
2026-02-17 13:30:10.860,396.81,0.0170,0.0150,0.0150,4.0080,23293,1,159.09,310,17.67,555,4.227455,0.263658,CALIBRATING,57,,,,,40,0.000000,1.000000
2026-02-17 13:30:11.860,376.10,0.0194,0.0150,0.0150,4.7380,19408,0,26.95,29,20.23,502,1.961234,0.340351,CALIBRATING,58,,,,,40,0.000000,1.000000
2026-02-17 13:30:12.860,405.08,0.0194,0.0150,0.0150,4.0710,20892,0,68.19,199,20.43,824,3.318406,0.286606,CALIBRATING,59,,,,,40,0.000000,1.000000
2026-02-17 13:30:13.860,374.67,0.0159,0.0150,0.0150,4.0820,23619,0,40.01,32,24.38,488,2.329852,0.289126,CALIBRATING,60,,,,,40,0.000000,1.000000
2026-02-17 13:30:14.860,371.19,0.0204,0.0150,0.0150,4.0250,18191,0,42.63,30,15.50,521,2.579684,0.252547,CALIBRATING,61,,,,,40,0.000000,1.000000
2026-02-17 13:30:15.860,370.20,0.0178,0.0150,0.0150,3.7470,20769,0,33.29,155,20.65,785,3.949030,0.269496,CALIBRATING,62,,,,,40,0.000000,1.000000
2026-02-17 13:30:16.860,360.25,0.0188,0.0150,0.0150,4.0330,19157,0,50.54,69,27.20,687,2.134251,0.255381,CALIBRATING,63,,,,,40,0.000000,1.000000
2026-02-17 13:30:17.860,433.32,0.0145,0.0150,0.0150,4.6960,29985,2,115.90,202,25.73,662,3.610025,0.386496,CALIBRATING,64,,,,,40,0.000000,1.000000
2026-02-17 13:30:18.860,4903.29,0.2093,0.0150,0.0150,99.7560,23424,2,192.21,287,49.57,935,6.100368,11.508500,CALIBRATING,65,,,,,40,0.000000,1.000000
2026-02-17 13:30:19.860,390.19,0.0204,0.0150,0.0150,8.3220,19169,0,36.83,42,58.92,702,2.606499,0.326240,CALIBRATING,66,,,,,40,0.000000,1.000000
2026-02-17 13:30:20.860,366.36,0.0169,0.0150,0.0150,4.0020,21733,0,17.55,81,17.12,582,2.524963,0.242219,CALIBRATING,67,,,,,40,0.000000,1.000000
2026-02-17 13:30:21.860,350.50,0.0189,0.0150,0.0150,4.0060,18497,1,60.46,166,14.20,638,2.076641,0.237498,CALIBRATING,68,,,,,40,0.000000,1.000000
2026-02-17 13:30:22.860,376.12,0.0193,0.0150,0.0150,3.9990,19475,0,52.27,51,21.54,645,3.019171,0.271905,CALIBRATING,69,,,,,40,0.000000,1.000000
2026-02-17 13:30:23.860,1681.55,0.0706,0.0150,0.0150,99.0850,23806,0,47.23,54,16.36,432,2.352536,5.238946,CALIBRATING,70,,,,,40,0.000000,1.000000
2026-02-17 13:30:24.860,343.71,0.0196,0.0150,0.0150,3.9910,17511,0,24.02,73,15.53,591,2.947248,0.229597,CALIBRATING,71,,,,,40,0.000000,1.000000
2026-02-17 13:30:25.860,346.56,0.0189,0.0150,0.0150,4.0150,18355,0,23.19,33,14.48,508,2.168177,0.246503,CALIBRATING,72,,,,,40,0.000000,1.000000
2026-02-17 13:30:26.860,419.53,0.0224,0.0150,0.0150,75.2720,18705,0,24.99,45,23.61,567,2.075688,0.617057,CALIBRATING,73,,,,,40,0.000000,1.000000
2026-02-17 13:30:27.860,457.76,0.0154,0.0150,0.0150,4.4590,29664,1,58.62,200,20.60,802,3.504539,0.412819,CALIBRATING,74,,,,,40,0.000000,1.000000
2026-02-17 13:30:28.860,926.84,0.0508,0.0150,0.0150,99.3080,18248,1,22.96,30,23.62,560,2.018349,7.540805,CALIBRATING,75,,,,,40,0.000000,1.000000
2026-02-17 13:30:29.860,506.21,0.0278,0.0150,0.0150,98.3700,18178,0,24.49,37,19.07,552,2.270903,0.518542,CALIBRATING,76,,,,,40,0.000000,1.000000
2026-02-17 13:30:30.860,353.54,0.0159,0.0150,0.0150,3.0290,22221,1,28.23,162,20.74,788,2.719761,0.279870,CALIBRATING,77,,,,,40,0.000000,1.000000
2026-02-17 13:30:31.860,357.43,0.0195,0.0150,0.0150,4.0070,18304,0,38.69,37,14.71,429,2.087635,0.240622,CALIBRATING,78,,,,,40,0.000000,1.000000
2026-02-17 13:30:32.860,352.62,0.0183,0.0150,0.0150,3.0160,19306,0,39.51,51,30.91,683,2.977895,0.252447,CALIBRATING,79,,,,,40,0.000000,1.000000
2026-02-17 13:30:33.860,717.80,0.0277,0.0150,0.0150,99.4230,25872,0,47.14,144,34.49,719,2.876870,3.466350,CALIBRATING,80,,,,,40,0.000000,1.000000
2026-02-17 13:30:34.860,1012.75,0.0523,0.0150,0.0150,99.4220,19363,0,40.79,45,41.48,776,2.318109,8.355773,CALIBRATING,81,,,,,40,0.000000,1.000000
2026-02-17 13:30:35.860,843.85,0.0341,0.0150,0.0150,99.4280,24739,0,258.21,421,19.36,534,2.354157,2.695833,CALIBRATING,82,,,,,40,0.000000,1.000000
2026-02-17 13:30:36.860,378.24,0.0191,0.0150,0.0150,4.4590,19790,1,38.92,139,19.35,747,2.593230,0.287900,CALIBRATING,83,,,,,40,0.000000,1.000000
2026-02-17 13:30:37.860,435.83,0.0153,0.0150,0.0150,4.0200,28474,1,40.12,51,17.98,557,3.771415,0.357194,CALIBRATING,84,,,,,40,0.000000,1.000000
2026-02-17 13:30:38.860,5492.34,0.3108,0.0150,0.0150,99.8470,17673,0,30.93,41,17.44,517,2.201582,18.808666,CALIBRATING,85,,,,,40,0.000000,1.000000
2026-02-17 13:30:39.860,362.62,0.0205,0.0150,0.0150,4.0020,17664,1,19.65,138,20.28,696,2.957698,0.269692,CALIBRATING,86,,,,,40,0.000000,1.000000
2026-02-17 13:30:40.860,322.70,0.0174,0.0150,0.0150,3.0070,18504,0,100.31,78,13.77,467,2.156211,0.217815,CALIBRATING,87,,,,,40,0.000000,1.000000
2026-02-17 13:30:41.860,365.83,0.0180,0.0150,0.0150,3.9970,20274,0,67.71,75,22.53,539,2.869935,0.287590,CALIBRATING,88,,,,,40,0.000000,1.000000
2026-02-17 13:30:42.860,382.94,0.0188,0.0150,0.0150,4.2000,20380,0,37.14,161,20.23,808,3.224696,0.296634,CALIBRATING,89,,,,,40,0.000000,1.000000
2026-02-17 13:30:43.860,2230.86,0.0909,0.0150,0.0150,99.6460,24535,1,29.74,23,21.92,471,2.317843,7.703164,CALIBRATING,90,,,,,40,0.000000,1.000000
2026-02-17 13:30:44.860,339.92,0.0180,0.0150,0.0150,4.0030,18835,1,28.29,25,17.04,539,2.237265,0.256878,CALIBRATING,91,,,,,40,0.000000,1.000000
2026-02-17 13:30:45.860,358.28,0.0187,0.0150,0.0150,3.9980,19177,0,51.78,187,20.66,772,3.007001,0.269729,CALIBRATING,92,,,,,40,0.000000,1.000000
2026-02-17 13:30:46.860,354.58,0.0190,0.0150,0.0150,3.7280,18663,0,43.41,63,17.05,526,2.491103,0.266740,CALIBRATING,93,,,,,40,0.000000,1.000000
2026-02-17 13:30:47.860,438.85,0.0209,0.0150,0.0150,60.5450,21021,1,28.53,48,22.06,580,3.065794,0.575921,CALIBRATING,94,,,,,40,0.000000,1.000000
2026-02-17 13:30:48.860,367.87,0.0144,0.0150,0.0150,3.0000,25520,1,31.12,184,25.51,793,2.410468,0.303715,CALIBRATING,95,,,,,40,0.000000,1.000000
2026-02-17 13:30:49.860,453.54,0.0237,0.0150,0.0150,6.3900,19174,0,28.86,47,48.54,816,2.202593,2.130186,CALIBRATING,96,,,,,40,0.000000,1.000000
2026-02-17 13:30:50.860,2075.36,0.1030,0.0150,0.0150,94.0030,20142,0,21.45,49,27.88,576,2.294104,3.872030,CALIBRATING,97,,,,,40,0.000000,1.000000
2026-02-17 13:30:51.860,556.71,0.0278,0.0150,0.0150,97.8810,19992,0,39.93,153,16.68,655,3.121772,1.502020,CALIBRATING,98,,,,,40,0.000000,1.000000
2026-02-17 13:30:52.860,856.53,0.0405,0.0150,0.0150,99.8400,21125,0,37.69,51,29.12,679,3.124282,2.838599,CALIBRATING,99,,,,,40,0.000000,1.000000
2026-02-17 13:30:53.860,352.17,0.0149,0.0150,0.0150,3.1290,23613,0,44.16,31,14.56,401,2.374943,0.227901,CALIBRATING,100,,,,,40,0.000000,1.000000
2026-02-17 13:30:54.860,328.60,0.0180,0.0150,0.0150,3.0050,18246,0,16.65,124,19.87,706,2.259174,0.209402,CALIBRATING,101,,,,,40,0.000000,1.000000
2026-02-17 13:30:55.860,333.56,0.0185,0.0150,0.0150,3.9950,18072,0,50.40,41,17.38,533,1.925943,0.212399,CALIBRATING,102,,,,,40,0.000000,1.000000
2026-02-17 13:30:56.860,1055.34,0.0543,0.0150,0.0150,99.6420,19443,0,74.70,108,15.84,517,2.915519,12.324981,CALIBRATING,103,,,,,40,0.000000,1.000000
2026-02-17 13:30:57.860,621.27,0.0288,0.0150,0.0150,99.6320,21566,0,70.12,195,27.91,880,3.409874,0.634527,CALIBRATING,104,,,,,40,0.000000,1.000000
2026-02-17 13:30:58.860,430.75,0.0162,0.0150,0.0150,4.0010,26563,0,28.53,26,15.39,509,2.330654,0.459556,CALIBRATING,105,,,,,40,0.000000,1.000000
2026-02-17 13:30:59.860,340.61,0.0194,0.0150,0.0150,4.0080,17534,0,29.43,31,25.50,583,2.017192,0.242077,CALIBRATING,106,,,,,40,0.000000,1.000000
2026-02-17 13:31:00.860,2282.26,0.1011,0.0150,0.0150,99.8200,22581,0,44.03,188,22.97,894,3.148701,9.457411,CALIBRATING,107,,,,,40,0.000000,1.000000
2026-02-17 13:31:01.860,1907.94,0.0803,0.0150,0.0150,99.1450,23764,0,114.04,198,18.08,595,12.181108,2.873812,CALIBRATING,108,,,,,40,0.000000,1.000000
2026-02-17 13:31:02.860,425.71,0.0217,0.0150,0.0150,60.0470,19619,0,20.78,39,28.64,717,4.625273,0.362485,CALIBRATING,109,,,,,40,0.000000,1.000000
2026-02-17 13:31:03.860,427.89,0.0172,0.0150,0.0150,4.0090,24921,0,46.85,62,20.39,460,4.389291,0.347504,CALIBRATING,110,,,,,40,0.000000,1.000000
2026-02-17 13:31:04.860,359.46,0.0179,0.0150,0.0150,4.0080,20099,0,53.60,193,52.05,1043,2.710152,0.313225,CALIBRATING,111,,,,,40,0.000000,1.000000
2026-02-17 13:31:05.860,370.08,0.0214,0.0150,0.0150,4.6360,17279,0,70.88,39,27.17,547,3.170592,0.235088,CALIBRATING,112,,,,,40,0.000000,1.000000
2026-02-17 13:31:06.860,3026.02,0.1584,0.0150,0.0150,199.1060,19098,0,94.24,137,19.90,631,4.401793,10.668955,CALIBRATING,113,,,,,40,0.000000,1.000000
2026-02-17 13:31:07.860,427.33,0.0141,0.0150,0.0150,18.5340,30295,0,277.82,233,19.86,671,3.173508,0.451205,CALIBRATING,114,,,,,40,0.000000,1.000000
2026-02-17 13:31:08.860,347.06,0.0183,0.0150,0.0150,4.0010,18929,0,35.94,33,12.74,440,2.328516,0.255209,CALIBRATING,115,,,,,40,0.000000,1.000000
2026-02-17 13:31:09.860,342.07,0.0189,0.0150,0.0150,3.6330,18100,0,51.01,153,19.24,657,2.467011,0.237394,CALIBRATING,116,,,,,40,0.000000,1.000000
2026-02-17 13:31:10.860,350.23,0.0170,0.0150,0.0150,3.0730,20592,0,156.26,291,19.69,550,2.963133,0.230004,CALIBRATING,117,,,,,40,0.000000,1.000000
2026-02-17 13:31:11.860,358.49,0.0209,0.0150,0.0150,11.1840,17162,0,39.77,33,12.85,443,1.880518,0.332931,CALIBRATING,118,,,,,40,0.000000,1.000000
2026-02-17 13:31:12.860,364.45,0.0173,0.0150,0.0150,4.0090,21124,1,63.22,197,29.70,901,2.549087,0.259348,CALIBRATING,119,,,,,40,0.000000,1.000000
2026-02-17 13:31:13.860,395.22,0.0143,0.0150,0.0150,3.0750,27570,1,90.40,190,12.27,406,3.206160,0.404516,CALIBRATING,120,,,,,40,0.000000,1.000000
2026-02-17 13:31:14.860,338.24,0.0201,0.0150,0.0150,4.0160,16810,0,46.65,39,19.53,483,1.994727,0.233614,CALIBRATING,121,,,,,40,0.000000,1.000000
2026-02-17 13:31:15.860,445.27,0.0222,0.0150,0.0150,4.0230,20017,0,37.14,104,22.32,731,4.005969,0.405867,CALIBRATING,122,,,,,40,0.000000,1.000000
2026-02-17 13:31:16.860,359.18,0.0197,0.0150,0.0150,4.0980,18201,1,46.96,49,17.59,524,2.201835,0.267621,CALIBRATING,123,,,,,40,0.000000,1.000000
2026-02-17 13:31:17.860,370.39,0.0183,0.0150,0.0150,10.2190,20255,2,31.88,63,18.68,563,2.365098,0.278478,CALIBRATING,124,,,,,40,0.000000,1.000000
2026-02-17 13:31:18.860,409.46,0.0146,0.0150,0.0150,4.0720,28086,0,21.41,148,32.26,856,2.549087,0.446247,CALIBRATING,125,,,,,40,0.000000,1.000000
2026-02-17 13:31:19.860,384.29,0.0191,0.0150,0.0150,4.0050,20081,0,35.26,65,36.10,734,2.445746,0.325923,CALIBRATING,126,,,,,40,0.000000,1.000000
2026-02-17 13:31:20.860,338.82,0.0187,0.0150,0.0150,4.0060,18136,0,58.57,63,35.97,562,2.030748,0.225699,CALIBRATING,127,,,,,40,0.000000,1.000000
2026-02-17 13:31:21.860,861.62,0.0448,0.0150,0.0150,91.3470,19215,0,46.96,199,19.44,695,3.145448,5.057101,CALIBRATING,128,,,,,40,0.000000,1.000000
2026-02-17 13:31:22.860,376.10,0.0173,0.0150,0.0150,3.9590,21689,0,56.08,46,18.56,640,2.984047,0.283201,CALIBRATING,129,,,,,40,0.000000,1.000000
2026-02-17 13:31:23.860,2814.28,0.1116,0.0150,0.0150,99.7770,25224,1,27.24,26,14.48,446,2.409639,14.737844,CALIBRATING,130,,,,,40,0.000000,1.000000
2026-02-17 13:31:24.860,1569.72,0.0873,0.0150,0.0150,99.7780,17976,0,25.13,155,17.57,661,2.466445,6.442682,CALIBRATING,131,,,,,40,0.000000,1.000000
2026-02-17 13:31:25.860,351.79,0.0201,0.0150,0.0150,4.6120,17545,2,31.49,35,75.23,615,1.962359,0.273968,CALIBRATING,132,,,,,40,0.000000,1.000000
2026-02-17 13:31:26.860,371.24,0.0206,0.0150,0.0150,4.0000,18021,0,40.99,42,13.48,460,2.968822,0.257100,CALIBRATING,133,,,,,40,0.000000,1.000000
2026-02-17 13:31:27.860,393.50,0.0187,0.0150,0.0150,20.0290,21043,1,61.10,211,31.39,944,2.608896,0.351239,CALIBRATING,134,,,,,40,0.000000,1.000000
2026-02-17 13:31:28.860,3587.93,0.1312,0.0150,0.0150,199.0720,27340,1,33.95,30,13.86,477,2.464466,14.684791,CALIBRATING,135,,,,,40,0.000000,1.000000
2026-02-17 13:31:29.860,359.36,0.0199,0.0150,0.0150,4.6980,18053,0,36.06,36,12.04,435,2.361573,1.414337,CALIBRATING,136,,,,,40,0.000000,1.000000
2026-02-17 13:31:30.860,1056.88,0.0498,0.0150,0.0150,99.3460,21226,1,37.97,179,30.76,895,4.355821,3.287849,CALIBRATING,137,,,,,40,0.000000,1.000000
2026-02-17 13:31:31.860,354.93,0.0200,0.0150,0.0150,3.9080,17745,0,51.85,52,13.95,429,1.915577,0.276604,CALIBRATING,138,,,,,40,0.000000,1.000000
2026-02-17 13:31:32.860,1769.56,0.0862,0.0150,0.0150,99.7790,20535,0,31.22,42,18.98,615,2.377124,4.954894,CALIBRATING,139,,,,,40,0.000000,1.000000
2026-02-17 13:31:33.860,406.37,0.0154,0.0150,0.0150,4.0090,26350,2,57.87,152,27.65,769,2.653647,0.343719,CALIBRATING,140,,,,,40,0.000000,1.000000
2026-02-17 13:31:34.860,379.64,0.0189,0.0150,0.0150,11.6260,20092,0,67.79,98,27.28,768,2.617681,0.273811,CALIBRATING,141,,,,,40,0.000000,1.000000
2026-02-17 13:31:35.860,397.05,0.0160,0.0150,0.0150,4.0020,24850,0,230.57,397,42.35,580,3.079752,0.290409,CALIBRATING,142,,,,,40,0.000000,1.000000
2026-02-17 13:31:36.860,380.64,0.0202,0.0150,0.0150,4.0040,18869,2,51.10,153,32.50,807,2.386964,0.261793,CALIBRATING,143,,,,,40,0.000000,1.000000
2026-02-17 13:31:37.860,438.31,0.0156,0.0150,0.0150,4.0060,28053,0,36.14,64,19.91,604,2.771389,0.360790,CALIBRATING,144,,,,,40,0.000000,1.000000
2026-02-17 13:31:38.860,340.59,0.0177,0.0150,0.0150,3.7600,19263,1,24.36,32,13.77,478,2.028188,0.293101,CALIBRATING,145,,,,,40,0.000000,1.000000
2026-02-17 13:31:39.860,373.67,0.0201,0.0150,0.0150,3.7280,18577,0,48.55,153,17.62,649,3.419392,0.291205,CALIBRATING,146,,,,,40,0.000000,1.000000
2026-02-17 13:31:40.860,362.45,0.0170,0.0150,0.0150,3.0400,21285,0,31.16,53,18.80,529,4.493220,0.233582,CALIBRATING,147,,,,,40,0.000000,1.000000
2026-02-17 13:31:41.860,16966.78,0.8261,0.0150,0.0150,75.9850,20539,6,89.36,118,15.33,465,14.548782,23.192627,CALIBRATING,148,,,,,40,0.000000,1.000000
2026-02-17 13:31:42.860,56893.56,2.1381,0.0150,0.0150,67.9240,26609,33,141.09,82,28.73,827,33.029820,74.065998,CALIBRATING,149,,,,,40,0.000000,1.000000
2026-02-17 13:31:43.860,57103.10,1.9183,0.0150,0.0150,71.4500,29768,33,60.70,118,25.04,701,31.977735,73.979583,CALIBRATING,150,,,,,40,0.000000,1.000000
2026-02-17 13:31:44.860,41019.10,1.9105,0.0150,0.0150,110.2440,21470,26,2554.45,298,12.12,437,30.616891,69.698475,CALIBRATING,151,,,,,40,0.000000,1.000000
2026-02-17 13:31:45.860,907.98,0.0449,0.0150,0.0150,16.0680,20230,1,4444.77,272,23.91,853,17.005397,30.127529,CALIBRATING,152,,,,,40,0.000000,1.000000
2026-02-17 13:31:46.860,2660.11,0.1122,0.0150,0.0150,99.8390,23707,2,169.50,167,25.39,826,3.586207,11.315907,CALIBRATING,153,,,,,40,0.000000,1.000000
2026-02-17 13:31:47.860,3550.05,0.1737,0.0150,0.0150,167.9930,20437,1,44.14,58,17.95,585,2.328516,13.545147,CALIBRATING,154,,,,,40,0.000000,1.000000
2026-02-17 13:31:48.860,405.34,0.0201,0.0150,0.0150,6.0270,20216,0,37.02,161,28.58,816,2.870264,0.297056,CALIBRATING,155,,,,,40,0.000000,1.000000
2026-02-17 13:31:49.860,456.44,0.0171,0.0150,0.0150,4.0000,26743,1,57.88,64,25.14,662,3.181348,0.412983,CALIBRATING,156,,,,,40,0.000000,1.000000
2026-02-17 13:31:50.860,2429.22,0.1291,0.0150,0.0150,99.8890,18811,2,23.76,56,43.90,590,2.203857,10.931951,CALIBRATING,157,,,,,40,0.000000,1.000000
2026-02-17 13:31:51.860,378.50,0.0225,0.0150,0.0150,4.0190,16803,0,32.88,166,23.16,623,2.879431,0.271889,CALIBRATING,158,,,,,40,0.000000,1.000000
2026-02-17 13:31:52.860,369.15,0.0185,0.0150,0.0150,3.6700,19956,0,43.27,36,23.47,700,2.239320,0.253793,CALIBRATING,159,,,,,40,0.000000,1.000000
2026-02-17 13:31:53.860,415.90,0.0163,0.0150,0.0150,4.0050,25559,1,30.17,25,11.88,420,2.721948,0.301161,CALIBRATING,160,,,,,40,0.000000,1.000000
2026-02-17 13:31:54.860,363.12,0.0202,0.0150,0.0150,3.9990,17961,0,52.62,146,15.61,639,3.063683,0.273434,CALIBRATING,161,,,,,40,0.000000,1.000000
2026-02-17 13:31:55.860,1796.58,0.0954,0.0150,0.0150,99.5430,18825,0,27.24,99,20.59,660,2.123020,5.002927,CALIBRATING,162,,,,,40,0.000000,1.000000
2026-02-17 13:31:56.860,348.73,0.0206,0.0150,0.0150,3.6850,16940,0,150.68,160,17.01,480,2.408809,0.780503,CALIBRATING,163,,,,,40,0.000000,1.000000
2026-02-17 13:31:57.860,391.55,0.0171,0.0150,0.0150,3.9490,22947,1,51.24,250,27.55,1054,2.666054,0.289783,CALIBRATING,164,,,,,40,0.000000,1.000000
2026-02-17 13:31:58.860,351.46,0.0186,0.0150,0.0150,3.7130,18867,0,31.42,34,68.36,673,2.388883,0.232936,CALIBRATING,165,,,,,40,0.000000,1.000000
2026-02-17 13:31:59.860,415.82,0.0156,0.0150,0.0150,6.3210,26664,4,26.11,14,11.16,397,3.010110,0.314687,CALIBRATING,166,,,,,40,0.000000,1.000000
2026-02-17 13:32:00.860,373.17,0.0175,0.0150,0.0150,4.0090,21305,1,36.00,165,26.57,822,2.652429,0.286504,CALIBRATING,167,,,,,40,0.000000,1.000000
2026-02-17 13:32:01.860,338.04,0.0197,0.0150,0.0150,3.4940,17162,0,26.21,28,14.44,415,1.937407,0.233103,CALIBRATING,168,,,,,40,0.000000,1.000000
2026-02-17 13:32:02.860,558.46,0.0267,0.0150,0.0150,42.2000,20892,0,40.88,44,21.81,675,2.353346,0.883078,CALIBRATING,169,,,,,40,0.000000,1.000000
2026-02-17 13:32:03.860,437.01,0.0160,0.0150,0.0150,4.0100,27395,1,89.57,170,18.41,643,3.897448,0.383197,CALIBRATING,170,,,,,40,0.000000,1.000000
2026-02-17 13:32:04.860,369.27,0.0187,0.0150,0.0150,3.7430,19717,0,37.97,67,34.07,836,2.249770,0.262724,CALIBRATING,171,,,,,40,0.000000,1.000000
2026-02-17 13:32:05.860,368.03,0.0195,0.0150,0.0150,4.0090,18900,0,49.11,51,32.96,575,2.593230,0.298181,CALIBRATING,172,,,,,40,0.000000,1.000000
2026-02-17 13:32:06.860,367.94,0.0202,0.0150,0.0150,3.7530,18170,0,42.36,152,40.03,798,2.970865,0.236901,CALIBRATING,173,,,,,40,0.000000,1.000000
2026-02-17 13:32:07.860,430.55,0.0150,0.0150,0.0150,9.2930,28651,2,61.62,88,25.93,729,5.474242,0.448366,CALIBRATING,174,,,,,40,0.000000,1.000000
2026-02-17 13:32:08.860,359.03,0.0199,0.0150,0.0150,3.9990,18026,0,30.43,32,13.02,483,3.034814,0.252512,CALIBRATING,175,,,,,40,0.000000,1.000000
2026-02-17 13:32:09.860,379.66,0.0190,0.0150,0.0150,4.0060,19954,0,57.98,161,16.99,677,2.444062,0.350617,CALIBRATING,176,,,,,40,0.000000,1.000000
2026-02-17 13:32:10.860,5245.32,0.2522,0.0150,0.0150,99.9160,20802,0,167.72,299,19.01,566,2.260730,24.519431,CALIBRATING,177,,,,,40,0.000000,1.000000
2026-02-17 13:32:11.860,2261.66,0.1268,0.0150,0.0150,99.6620,17832,0,22.08,23,16.55,467,1.869909,10.067344,CALIBRATING,178,,,,,40,0.000000,1.000000
2026-02-17 13:32:12.860,353.87,0.0165,0.0150,0.0150,3.7660,21425,0,30.06,142,19.41,767,2.605901,0.237104,CALIBRATING,179,,,,,40,0.000000,1.000000
2026-02-17 13:32:13.860,412.17,0.0172,0.0150,0.0150,4.0090,24010,1,43.04,23,16.92,470,3.168772,0.303899,CALIBRATING,180,,,,,40,0.000000,1.000000
2026-02-17 13:32:14.860,2050.52,0.1107,0.0150,0.0150,99.7800,18524,0,35.68,42,19.08,503,2.489960,5.567482,CALIBRATING,181,,,,,40,0.000000,1.000000
2026-02-17 13:32:15.860,376.69,0.0202,0.0150,0.0150,4.0050,18687,1,72.47,166,18.02,751,2.454410,0.276479,CALIBRATING,182,,,,,40,0.000000,1.000000
2026-02-17 13:32:16.860,356.35,0.0195,0.0150,0.0150,4.0740,18287,0,76.63,93,25.05,565,2.203604,0.333627,CALIBRATING,183,,,,,40,0.000000,1.000000
2026-02-17 13:32:17.860,374.21,0.0179,0.0150,0.0150,4.0100,20945,0,53.52,68,23.22,705,2.349032,0.275866,CALIBRATING,184,,,,,40,0.000000,1.000000
2026-02-17 13:32:18.860,428.32,0.0225,0.0150,0.0150,4.9980,19074,0,50.84,103,19.62,730,5.229284,0.328012,CALIBRATING,185,,,,,40,0.000000,1.000000
2026-02-17 13:32:19.860,447.81,0.0157,0.0150,0.0150,5.0590,28442,2,34.12,32,27.16,688,3.105233,0.548519,CALIBRATING,186,,,,,40,0.000000,1.000000
2026-02-17 13:32:20.860,351.22,0.0180,0.0150,0.0150,3.0270,19497,0,48.55,69,22.64,566,2.993806,0.257301,CALIBRATING,187,,,,,40,0.000000,1.000000
2026-02-17 13:32:21.860,368.96,0.0205,0.0150,0.0150,4.0560,18036,0,30.45,142,44.60,768,2.042456,0.289200,CALIBRATING,188,,,,,40,0.000000,1.000000
2026-02-17 13:32:22.860,484.18,0.0248,0.0150,0.0150,64.5570,19497,0,46.72,43,31.14,660,2.122533,1.132886,CALIBRATING,189,,,,,40,0.000000,1.000000
2026-02-17 13:32:23.860,396.07,0.0160,0.0150,0.0150,4.0060,24723,0,58.03,40,14.21,447,3.168772,0.304605,CALIBRATING,190,,,,,40,0.000000,1.000000
2026-02-17 13:32:24.860,370.19,0.0191,0.0150,0.0150,4.3790,19379,0,54.30,165,16.74,739,2.502008,0.293198,CALIBRATING,191,,,,,40,0.000000,1.000000
2026-02-17 13:32:25.860,354.82,0.0205,0.0150,0.0150,4.0020,17303,0,64.29,53,17.94,504,1.960784,0.267726,CALIBRATING,192,,,,,40,0.000000,1.000000
2026-02-17 13:32:26.860,424.35,0.0225,0.0150,0.0150,70.2740,18852,0,41.57,37,18.43,527,2.466162,0.757544,CALIBRATING,193,,,,,40,0.000000,1.000000
2026-02-17 13:32:27.860,372.34,0.0185,0.0150,0.0150,4.0090,20113,1,62.67,206,21.20,792,2.326648,0.277310,CALIBRATING,194,,,,,40,0.000000,1.000000
2026-02-17 13:32:28.860,343.81,0.0189,0.0150,0.0150,4.0050,18206,0,29.08,39,17.11,520,3.169863,0.251156,CALIBRATING,195,,,,,40,0.000000,1.000000
2026-02-17 13:32:29.860,376.97,0.0195,0.0150,0.0150,3.7290,19369,0,38.48,22,18.82,467,2.850601,0.344964,CALIBRATING,196,,,,,40,0.000000,1.000000
2026-02-17 13:32:30.860,413.94,0.0149,0.0150,0.0150,3.0210,27855,0,39.70,174,279.22,1176,2.878858,0.428903,CALIBRATING,197,,,,,40,0.000000,1.000000
2026-02-17 13:32:31.860,352.23,0.0195,0.0150,0.0150,3.9780,18099,0,8.98,23,23.76,521,1.972703,0.233813,CALIBRATING,198,,,,,40,0.000000,1.000000
2026-02-17 13:32:32.860,4693.13,0.2238,0.0150,0.0150,99.8740,20970,0,49.20,49,20.06,644,2.214827,25.209764,CALIBRATING,199,,,,,40,0.000000,1.000000
2026-02-17 13:32:33.860,1133.96,0.0464,0.0150,0.0150,99.3570,24459,0,35.93,94,15.39,531,4.557979,6.201685,CALIBRATING,200,,,,,40,0.000000,1.000000
2026-02-17 13:32:34.860,2118.98,0.1056,0.0150,0.0150,100.9090,20067,1,48.26,75,21.43,698,2.535858,8.312744,CALIBRATING,201,,,,,40,0.000000,1.000000
2026-02-17 13:32:35.860,389.87,0.0157,0.0150,0.0150,3.7850,24807,3,279.50,422,72.15,628,2.481333,0.274721,CALIBRATING,202,,,,,40,0.000000,1.000000
2026-02-17 13:32:36.860,356.50,0.0187,0.0150,0.0150,3.7480,19050,0,57.51,173,37.44,809,2.340792,0.250528,CALIBRATING,203,,,,,40,0.000000,1.000000
2026-02-17 13:32:37.860,2292.87,0.0858,0.0150,0.0150,100.0550,26712,1,29.95,46,40.61,658,3.170227,7.713309,CALIBRATING,204,,,,,40,0.000000,1.000000
2026-02-17 13:32:38.860,341.75,0.0180,0.0150,0.0150,4.0020,19012,0,32.00,36,20.84,582,2.283419,0.261275,CALIBRATING,205,,,,,40,0.000000,1.000000
2026-02-17 13:32:39.860,349.92,0.0203,0.0150,0.0150,3.7570,17241,0,20.88,146,12.63,576,2.247191,0.244006,CALIBRATING,206,,,,,40,0.000000,1.000000
2026-02-17 13:32:40.860,372.07,0.0173,0.0150,0.0150,3.7160,21546,0,55.83,69,17.03,531,2.260989,0.300883,CALIBRATING,207,,,,,40,0.000000,1.000000
2026-02-17 13:32:41.860,350.07,0.0196,0.0150,0.0150,4.2620,17825,0,58.48,67,16.68,482,2.111060,0.226511,CALIBRATING,208,,,,,40,0.000000,1.000000
2026-02-17 13:32:42.860,382.10,0.0193,0.0150,0.0150,4.5720,19752,0,46.08,155,25.43,883,2.985075,0.297401,CALIBRATING,209,,,,,40,0.000000,1.000000
2026-02-17 13:32:43.860,405.59,0.0156,0.0150,0.0150,4.0250,25919,0,25.48,21,16.11,485,2.411022,0.340394,CALIBRATING,210,,,,,40,0.000000,1.000000
2026-02-17 13:32:44.860,356.96,0.0198,0.0150,0.0150,4.0050,18062,1,50.73,52,21.76,576,2.329317,0.258402,CALIBRATING,211,,,,,40,0.000000,1.000000
2026-02-17 13:32:45.860,382.38,0.0191,0.0150,0.0150,4.0040,20003,0,23.39,135,19.78,823,2.375488,0.284801,CALIBRATING,212,,,,,40,0.000000,1.000000
2026-02-17 13:32:46.860,367.17,0.0191,0.0150,0.0150,4.0140,19240,2,66.49,75,21.80,536,2.409086,0.281700,CALIBRATING,213,,,,,40,0.000000,1.000000
2026-02-17 13:32:47.860,352.77,0.0188,0.0150,0.0150,4.0050,18791,0,36.55,48,18.58,560,2.143758,0.238593,CALIBRATING,214,,,,,40,0.000000,1.000000
2026-02-17 13:32:48.860,447.99,0.0186,0.0150,0.0150,4.0130,24133,1,77.97,319,23.27,812,4.830918,0.360713,CALIBRATING,215,,,,,40,0.000000,1.000000
2026-02-17 13:32:49.860,349.56,0.0204,0.0150,0.0150,3.7700,17130,0,25.06,45,19.06,592,2.086677,0.248994,CALIBRATING,216,,,,,40,0.000000,1.000000
2026-02-17 13:32:50.860,2651.40,0.0934,0.0150,0.0150,93.6220,28377,1,36.90,56,27.41,588,2.677238,9.939378,CALIBRATING,217,,,,,40,0.000000,1.000000
2026-02-17 13:32:51.860,352.97,0.0183,0.0150,0.0150,4.0060,19304,0,36.45,164,35.51,740,2.112757,0.237697,CALIBRATING,218,,,,,40,0.000000,1.000000
2026-02-17 13:32:52.860,407.83,0.0190,0.0150,0.0150,23.3920,21474,0,37.23,40,42.06,762,3.753874,0.307008,CALIBRATING,219,,,,,40,0.000000,1.000000
2026-02-17 13:32:53.860,375.78,0.0147,0.0150,0.0150,3.5590,25630,2,25.48,18,19.32,538,2.721323,0.264498,CALIBRATING,220,,,,,40,0.000000,1.000000
2026-02-17 13:32:54.860,350.68,0.0194,0.0150,0.0150,3.8910,18082,0,70.95,173,15.25,682,2.385868,0.349194,CALIBRATING,221,,,,,40,0.000000,1.000000
2026-02-17 13:32:55.860,1256.81,0.0648,0.0150,0.0150,99.8100,19398,2,20.70,27,15.58,529,2.248738,4.549730,CALIBRATING,222,,,,,40,0.000000,1.000000
2026-02-17 13:32:56.860,447.35,0.0255,0.0150,0.0150,95.8590,17552,1,72.73,105,16.39,490,2.166437,1.566429,CALIBRATING,223,,,,,40,0.000000,1.000000
2026-02-17 13:32:57.860,2244.86,0.1115,0.0150,0.0150,99.7970,20142,2,31.26,200,24.34,835,2.342404,10.450505,CALIBRATING,224,,,,,40,0.000000,1.000000
2026-02-17 13:32:58.860,348.66,0.0176,0.0150,0.0150,3.0160,19823,0,42.39,43,18.89,572,3.150779,0.240916,CALIBRATING,225,,,,,40,0.000000,1.000000
2026-02-17 13:32:59.860,942.70,0.0547,0.0150,0.0150,99.6930,17220,0,13.76,18,13.97,438,2.007341,9.697172,CALIBRATING,226,,,,,40,0.000000,1.000000
2026-02-17 13:33:00.860,2837.61,0.0909,0.0150,0.0150,99.9380,31230,2,45.59,170,25.22,809,3.992177,10.334657,CALIBRATING,227,,,,,40,0.000000,1.000000
2026-02-17 13:33:01.860,1030.56,0.0553,0.0150,0.0150,99.5920,18651,0,31.83,43,12.71,450,2.008032,10.737387,CALIBRATING,228,,,,,40,0.000000,1.000000
2026-02-17 13:33:02.860,556.27,0.0266,0.0150,0.0150,98.5810,20912,0,52.12,41,27.53,656,3.272853,0.356072,CALIBRATING,229,,,,,40,0.000000,1.000000
2026-02-17 13:33:03.860,479.77,0.0179,0.0150,0.0150,7.4670,26862,0,71.23,206,709.48,1549,3.270759,0.450918,CALIBRATING,230,,,,,40,0.000000,1.000000
2026-02-17 13:33:04.860,373.78,0.0193,0.0150,0.0150,4.0040,19343,0,45.35,61,19.84,677,2.352536,0.306008,CALIBRATING,231,,,,,40,0.000000,1.000000
2026-02-17 13:33:05.860,355.35,0.0196,0.0150,0.0150,3.0510,18148,0,23.16,31,24.93,581,2.202087,0.266899,CALIBRATING,232,,,,,40,0.000000,1.000000
2026-02-17 13:33:06.860,402.18,0.0211,0.0150,0.0150,4.0040,19059,2,89.14,159,28.20,796,3.133609,0.305193,CALIBRATING,233,,,,,40,0.000000,1.000000
2026-02-17 13:33:07.860,400.72,0.0154,0.0150,0.0150,3.9510,26026,0,29.89,52,45.40,626,2.333870,0.376697,CALIBRATING,234,,,,,40,0.000000,1.000000
2026-02-17 13:33:08.860,355.60,0.0205,0.0150,0.0150,7.2320,17341,1,22.38,24,28.39,596,2.029118,0.246631,CALIBRATING,235,,,,,40,0.000000,1.000000
2026-02-17 13:33:09.860,370.10,0.0188,0.0150,0.0150,5.0190,19679,0,35.66,162,17.63,695,3.601744,0.300128,CALIBRATING,236,,,,,40,0.000000,1.000000
2026-02-17 13:33:10.860,385.17,0.0164,0.0150,0.0150,4.0060,23455,2,166.47,317,15.17,531,4.093366,0.283385,CALIBRATING,237,,,,,40,0.000000,1.000000
2026-02-17 13:33:11.860,335.08,0.0192,0.0150,0.0150,4.0030,17492,0,20.87,37,15.09,443,1.891551,0.243397,CALIBRATING,238,,,,,40,0.000000,1.000000
2026-02-17 13:33:12.860,418.05,0.0209,0.0150,0.0150,4.0050,19983,0,26.62,160,25.20,868,3.329889,0.327524,CALIBRATING,239,,,,,40,0.000000,1.000000
2026-02-17 13:33:13.860,386.52,0.0159,0.0150,0.0150,3.7210,24237,0,24.18,29,16.36,461,2.351457,0.323222,CALIBRATING,240,,,,,40,0.000000,1.000000
2026-02-17 13:33:14.860,339.73,0.0197,0.0150,0.0150,3.9980,17286,0,37.61,37,13.34,452,2.259433,0.249661,CALIBRATING,241,,,,,40,0.000000,1.000000
2026-02-17 13:33:15.860,383.93,0.0196,0.0150,0.0150,3.5270,19558,1,25.43,119,24.50,752,3.764490,0.275677,CALIBRATING,242,,,,,40,0.000000,1.000000
2026-02-17 13:33:16.860,349.42,0.0185,0.0150,0.0150,4.0070,18913,0,37.46,35,13.56,497,2.225281,4.109285,CALIBRATING,243,,,,,40,0.000000,1.000000
2026-02-17 13:33:17.860,3764.02,0.2099,0.0150,0.0150,99.8380,17929,1,31.78,54,22.02,547,2.086677,14.215620,CALIBRATING,244,,,,,40,0.000000,1.000000
2026-02-17 13:33:18.860,368.50,0.0174,0.0150,0.0150,3.0100,21214,0,52.14,182,24.92,890,3.639913,0.259397,CALIBRATING,245,,,,,40,0.000000,1.000000
2026-02-17 13:33:19.860,1919.95,0.0960,0.0150,0.0150,99.7980,20006,0,31.52,47,21.15,666,2.628257,9.789365,CALIBRATING,246,,,,,40,0.000000,1.000000
2026-02-17 13:33:20.860,396.20,0.0166,0.0150,0.0150,4.0070,23917,0,53.69,91,16.61,567,2.707353,0.394443,CALIBRATING,247,,,,,40,0.000000,1.000000
2026-02-17 13:33:21.860,392.34,0.0164,0.0150,0.0150,25.6290,23907,0,26.81,166,29.67,773,2.355510,0.552477,CALIBRATING,248,,,,,40,0.000000,1.000000
2026-02-17 13:33:22.860,822.92,0.0417,0.0150,0.0150,63.6790,19719,2,39.88,44,36.68,672,3.297335,2.668702,CALIBRATING,249,,,,,40,0.000000,1.000000
2026-02-17 13:33:23.860,1876.53,0.0771,0.0150,0.0150,99.7130,24347,0,30.61,39,38.26,583,2.400092,7.024668,CALIBRATING,250,,,,,40,0.000000,1.000000
2026-02-17 13:33:24.860,348.13,0.0200,0.0150,0.0150,4.2180,17410,0,44.34,139,18.38,671,2.315983,0.235099,CALIBRATING,251,,,,,40,0.000000,1.000000
2026-02-17 13:33:25.860,354.68,0.0181,0.0150,0.0150,4.0020,19610,0,15.08,45,16.29,545,2.191121,0.334802,CALIBRATING,252,,,,,40,0.000000,1.000000
2026-02-17 13:33:26.860,339.26,0.0187,0.0150,0.0150,4.0060,18144,0,39.04,27,14.71,477,2.063274,0.222598,CALIBRATING,253,,,,,40,0.000000,1.000000
2026-02-17 13:33:27.860,406.07,0.0192,0.0150,0.0150,5.6230,21157,0,58.55,213,23.34,830,3.503733,0.323516,CALIBRATING,254,,,,,40,0.000000,1.000000
2026-02-17 13:33:28.860,360.13,0.0190,0.0150,0.0150,4.0490,18916,0,38.88,57,22.57,635,2.155716,0.281403,CALIBRATING,255,,,,,40,0.000000,1.000000
2026-02-17 13:33:29.860,342.08,0.0192,0.0150,0.0150,3.9490,17832,1,33.13,39,14.64,476,1.971799,0.265204,CALIBRATING,256,,,,,40,0.000000,1.000000
2026-02-17 13:33:30.860,362.00,0.0170,0.0150,0.0150,3.0710,21294,0,47.73,127,25.52,730,3.054662,0.260701,CALIBRATING,257,,,,,40,0.000000,1.000000
2026-02-17 13:33:31.860,422.06,0.0148,0.0150,0.0150,4.0170,28437,1,25.96,45,12.29,446,2.676315,0.486225,CALIBRATING,258,,,,,40,0.000000,1.000000
2026-02-17 13:33:32.860,333.79,0.0179,0.0150,0.0150,4.0190,18646,0,53.57,41,22.72,572,2.019275,0.232702,CALIBRATING,259,,,,,40,0.000000,1.000000
2026-02-17 13:33:33.860,1851.77,0.0714,0.0150,0.0150,99.4310,25932,1,55.07,171,22.74,753,3.700724,11.106935,CALIBRATING,260,,,,,40,0.000000,1.000000
2026-02-17 13:33:34.860,1096.01,0.0588,0.0150,0.0150,99.8810,18633,0,45.91,54,20.34,667,2.225026,7.814835,CALIBRATING,261,,,,,40,0.000000,1.000000
2026-02-17 13:33:35.860,1810.00,0.0660,0.0150,0.0150,99.4240,27425,0,281.63,448,17.83,534,2.619485,10.405533,CALIBRATING,262,,,,,40,0.000000,1.000000
2026-02-17 13:33:36.860,419.69,0.0208,0.0150,0.0150,4.7660,20206,0,25.23,152,355.91,1144,4.142216,0.333496,CALIBRATING,263,,,,,40,0.000000,1.000000
2026-02-17 13:33:37.860,451.43,0.0165,0.0150,0.0150,4.0100,27320,2,37.26,57,19.84,600,2.861082,0.421842,CALIBRATING,264,,,,,40,0.000000,1.000000
2026-02-17 13:33:38.860,343.26,0.0187,0.0150,0.0150,3.8630,18345,0,39.36,41,44.07,652,2.098865,0.217333,CALIBRATING,265,,,,,40,0.000000,1.000000
2026-02-17 13:33:39.860,355.41,0.0183,0.0150,0.0150,4.4490,19446,0,38.39,148,29.56,738,2.364283,0.285995,CALIBRATING,266,,,,,40,0.000000,1.000000
2026-02-17 13:33:40.860,1624.77,0.0867,0.0150,0.0150,170.9200,18733,0,50.34,86,15.22,495,2.064220,6.965258,CALIBRATING,267,,,,,40,0.000000,1.000000
2026-02-17 13:33:41.860,400.17,0.0186,0.0150,0.0150,3.7300,21526,0,52.19,56,15.28,508,3.353624,0.310606,CALIBRATING,268,,,,,40,0.000000,1.000000
2026-02-17 13:33:42.860,1341.20,0.0687,0.0150,0.0150,99.4840,19524,0,41.80,158,22.43,800,2.215081,4.276543,CALIBRATING,269,,,,,40,0.000000,1.000000
2026-02-17 13:33:43.860,379.89,0.0149,0.0150,0.0150,3.7040,25560,1,57.50,49,20.96,534,2.514351,0.386508,CALIBRATING,270,,,,,40,0.000000,1.000000
2026-02-17 13:33:44.860,332.98,0.0187,0.0150,0.0150,4.0540,17783,2,51.61,34,13.64,475,1.995871,0.221216,CALIBRATING,271,,,,,40,0.000000,1.000000
2026-02-17 13:33:45.860,3689.08,0.1928,0.0150,0.0150,198.9980,19130,1,33.89,98,18.80,657,3.051159,12.579709,CALIBRATING,272,,,,,40,0.000000,1.000000
2026-02-17 13:33:46.860,390.38,0.0208,0.0150,0.0150,3.9760,18792,0,53.17,58,18.97,491,3.284336,0.264814,CALIBRATING,273,,,,,40,0.000000,1.000000
2026-02-17 13:33:47.860,342.47,0.0176,0.0150,0.0150,3.7540,19441,0,15.57,48,14.50,527,2.079504,0.222135,CALIBRATING,274,,,,,40,0.000000,1.000000
2026-02-17 13:33:48.860,355.76,0.0193,0.0150,0.0150,4.0070,18463,0,40.64,105,27.48,746,2.153494,0.251513,CALIBRATING,275,,,,,40,0.000000,1.000000
2026-02-17 13:33:49.860,739.53,0.0405,0.0150,0.0150,99.5760,18278,0,35.86,53,20.09,670,2.063274,2.748644,CALIBRATING,276,,,,,40,0.000000,1.000000
2026-02-17 13:33:50.860,341.75,0.0179,0.0150,0.0150,3.7470,19078,0,45.83,63,13.19,461,2.258397,0.231266,CALIBRATING,277,,,,,40,0.000000,1.000000
2026-02-17 13:33:51.860,453.10,0.0162,0.0150,0.0150,4.0030,27914,0,58.23,150,25.95,715,3.403864,0.378042,CALIBRATING,278,,,,,40,0.000000,1.000000
2026-02-17 13:33:52.860,344.82,0.0185,0.0150,0.0150,3.7290,18609,0,27.37,25,25.76,671,2.088114,0.270079,CALIBRATING,279,,,,,40,0.000000,1.000000
2026-02-17 13:33:53.860,356.65,0.0157,0.0150,0.0150,3.7230,22779,0,26.84,33,43.77,594,2.377124,0.228701,CALIBRATING,280,,,,,40,0.000000,1.000000
2026-02-17 13:33:54.860,347.51,0.0188,0.0150,0.0150,4.0090,18442,0,46.10,86,29.21,737,2.409086,0.266187,CALIBRATING,281,,,,,40,0.000000,1.000000
2026-02-17 13:33:55.860,1444.08,0.0801,0.0150,0.0150,91.0960,18019,0,28.02,40,16.89,546,2.156458,4.085945,CALIBRATING,282,,,,,40,0.000000,1.000000
2026-02-17 13:33:56.860,369.00,0.0207,0.0150,0.0150,3.9720,17819,1,106.12,119,12.12,436,3.030996,0.300997,CALIBRATING,283,,,,,40,0.000000,1.000000
2026-02-17 13:33:57.860,390.30,0.0195,0.0150,0.0150,3.9850,20020,1,31.59,178,23.53,832,2.680626,0.253373,CALIBRATING,284,,,,,40,0.000000,1.000000
2026-02-17 13:33:58.860,361.07,0.0181,0.0150,0.0150,3.7190,19982,0,54.22,31,20.07,539,2.939150,0.249533,CALIBRATING,285,,,,,40,0.000000,1.000000
2026-02-17 13:33:59.860,429.90,0.0247,0.0150,0.0150,71.5030,17436,0,27.59,25,12.51,442,2.143758,0.606887,CALIBRATING,286,,,,,40,0.000000,1.000000
2026-02-17 13:34:00.860,359.12,0.0172,0.0150,0.0150,4.0060,20920,0,107.23,121,17.34,684,2.985417,0.271632,CALIBRATING,287,,,,,40,0.000000,1.000000
2026-02-17 13:34:01.860,425.03,0.0153,0.0150,0.0150,3.6950,27708,0,12.46,42,21.51,503,4.044582,0.417063,CALIBRATING,288,,,,,40,0.000000,1.000000
2026-02-17 13:34:02.860,368.37,0.0191,0.0150,0.0150,3.7180,19288,2,46.52,52,15.11,570,2.133517,0.298689,CALIBRATING,289,,,,,40,0.000000,1.000000
2026-02-17 13:34:03.860,3419.73,0.1323,0.0150,0.0150,99.8550,25839,2,59.76,186,25.27,725,2.547625,18.865574,CALIBRATING,290,,,,,40,0.000000,1.000000
2026-02-17 13:34:04.860,2370.83,0.1278,0.0150,0.0150,99.3690,18544,0,47.06,68,21.57,664,2.247191,8.616894,CALIBRATING,291,,,,,40,0.000000,1.000000
2026-02-17 13:34:05.860,377.96,0.0200,0.0150,0.0150,4.0040,18875,0,15.96,47,19.96,598,2.981651,0.250589,CALIBRATING,292,,,,,40,0.000000,1.000000
2026-02-17 13:34:06.860,350.43,0.0197,0.0150,0.0150,3.9980,17801,1,118.91,211,18.64,698,2.398439,0.222085,CALIBRATING,293,,,,,40,0.000000,1.000000
2026-02-17 13:34:07.860,457.13,0.0162,0.0150,0.0150,20.5590,28146,1,54.92,65,33.27,690,2.582645,0.434752,CALIBRATING,294,,,,,40,0.000000,1.000000
2026-02-17 13:34:08.860,2636.92,0.1424,0.0150,0.0150,99.8290,18516,1,33.09,17,34.16,592,4.857602,5.363847,CALIBRATING,295,,,,,40,0.000000,1.000000
2026-02-17 13:34:09.860,361.70,0.0207,0.0150,0.0150,4.0280,17483,0,48.74,177,40.01,798,2.156953,0.320236,CALIBRATING,296,,,,,40,0.000000,1.000000
2026-02-17 13:34:10.860,373.84,0.0178,0.0150,0.0150,4.6170,20958,0,183.10,276,19.97,554,2.976327,0.261870,CALIBRATING,297,,,,,40,0.000000,1.000000
2026-02-17 13:34:11.860,358.86,0.0172,0.0150,0.0150,3.7420,20892,0,24.38,43,14.18,497,2.191624,0.299410,CALIBRATING,298,,,,,40,0.000000,1.000000
2026-02-17 13:34:12.860,427.29,0.0207,0.0150,0.0150,19.7670,20671,0,68.01,135,21.13,783,3.592746,0.317378,CALIBRATING,299,,,,,40,0.000000,1.000000
2026-02-17 13:34:13.860,392.99,0.0151,0.0150,0.0150,4.0070,25960,1,28.81,48,22.19,594,2.469278,0.298007,CALIBRATING,300,,,,,40,0.000000,1.000000
2026-02-17 13:34:14.860,334.47,0.0205,0.0150,0.0150,4.0060,16351,0,45.97,36,14.26,429,1.948871,0.219113,CALIBRATING,300,,,,,40,0.000000,1.000000
2026-02-17 13:34:15.860,352.40,0.0181,0.0150,0.0150,3.0710,19519,0,37.58,171,20.76,816,3.154393,0.239999,CALIBRATING,300,,,,,40,0.000000,1.000000
2026-02-17 13:34:16.860,360.16,0.0202,0.0150,0.0150,4.0140,17863,0,30.54,33,21.47,514,2.316248,0.329282,CALIBRATING,300,,,,,40,0.000000,1.000000
2026-02-17 13:34:17.860,349.08,0.0175,0.0150,0.0150,4.0470,19938,0,62.08,77,14.96,540,2.412130,0.227449,CALIBRATING,300,,,,,40,0.000000,1.000000
2026-02-17 13:34:18.860,343.06,0.0176,0.0150,0.0150,3.0280,19508,0,35.23,139,24.86,706,3.564061,0.243429,CALIBRATING,300,,,,,40,0.000000,1.000000
2026-02-17 13:34:19.860,353.82,0.0179,0.0150,0.0150,4.0080,19809,0,22.98,49,21.55,673,2.753557,0.243104,CALIBRATING,300,,,,,40,0.000000,1.000000
2026-02-17 13:34:20.860,375.24,0.0194,0.0150,0.0150,4.3770,19357,4,11.12,34,13.72,491,3.075511,0.296405,CALIBRATING,300,,,,,40,0.000000,1.000000
2026-02-17 13:34:21.860,386.58,0.0165,0.0150,0.0150,3.0290,23470,1,72.66,283,16.83,680,2.630370,0.306742,CALIBRATING,300,,,,,40,0.000000,1.000000
2026-02-17 13:34:22.860,391.96,0.0144,0.0150,0.0150,4.0100,27136,1,28.40,29,26.92,647,2.629162,0.376459,CALIBRATING,300,,,,,40,0.000000,1.000000
2026-02-17 13:34:23.860,388.28,0.0149,0.0150,0.0150,4.0050,26129,0,30.44,37,23.59,553,2.398439,0.262305,CALIBRATING,300,,,,,40,0.000000,1.000000
2026-02-17 13:34:24.860,345.98,0.0187,0.0150,0.0150,4.0060,18506,0,45.29,164,43.62,761,3.603810,0.231683,CALIBRATING,300,,,,,40,0.000000,1.000000
2026-02-17 13:34:25.860,332.99,0.0189,0.0150,0.0150,3.0050,17575,0,43.12,57,29.54,575,2.018349,0.212411,CALIBRATING,300,,,,,40,0.000000,1.000000
2026-02-17 13:34:26.860,3652.23,0.1977,0.0150,0.0150,99.9260,18469,1,49.21,52,15.26,492,2.385595,16.238009,CALIBRATING,300,,,,,40,0.000000,1.000000
2026-02-17 13:34:27.860,2626.43,0.1238,0.0150,0.0150,99.6290,21217,0,49.33,225,19.88,801,3.272101,8.352062,CALIBRATING,300,,,,,40,0.000000,1.000000
2026-02-17 13:34:28.860,342.88,0.0189,0.0150,0.0150,3.6060,18184,0,22.98,17,20.50,563,2.190367,0.222912,CALIBRATING,300,,,,,40,0.000000,1.000000
2026-02-17 13:34:29.860,348.84,0.0187,0.0150,0.0150,3.0110,18697,0,31.69,43,20.25,588,2.353076,0.245406,CALIBRATING,300,,,,,40,0.000000,1.000000
2026-02-17 13:34:30.860,1836.37,0.0931,0.0150,0.0150,99.6760,19725,2,46.15,176,18.21,719,3.245785,6.212297,CALIBRATING,300,,,,,40,0.000000,1.000000
2026-02-17 13:34:31.860,349.35,0.0184,0.0150,0.0150,4.0090,19024,2,35.80,45,14.69,475,2.157200,0.285906,CALIBRATING,300,,,,,40,0.000000,1.000000
2026-02-17 13:34:32.860,415.95,0.0154,0.0150,0.0150,3.9670,27040,1,41.35,27,20.60,565,2.572347,0.402099,CALIBRATING,300,,,,,40,0.000000,1.000000
2026-02-17 13:34:33.860,397.46,0.0154,0.0150,0.0150,4.0040,25812,1,49.92,166,18.23,735,2.651820,0.346286,CALIBRATING,300,,,,,40,0.000000,1.000000
2026-02-17 13:34:34.860,354.68,0.0186,0.0150,0.0150,4.0080,19070,1,28.45,31,28.53,691,3.131093,0.246111,CALIBRATING,300,,,,,40,0.000000,1.000000
2026-02-17 13:34:35.860,380.59,0.0155,0.0150,0.0150,3.7520,24562,0,271.01,477,17.44,538,2.525832,0.354477,CALIBRATING,300,,,,,40,0.000000,1.000000
2026-02-17 13:34:36.860,353.54,0.0191,0.0150,0.0150,4.0000,18462,1,61.57,179,18.56,719,2.328249,0.250903,CALIBRATING,300,,,,,40,0.000000,1.000000
2026-02-17 13:34:37.860,1668.19,0.0840,0.0150,0.0150,189.6400,19858,2,1019.97,65,27.38,621,2.689037,6.491776,CALIBRATING,300,,,,,40,0.000000,1.000000
2026-02-17 13:34:38.860,1019.66,0.0583,0.0150,0.0150,99.3600,17491,0,34.04,26,23.14,560,2.049697,9.402909,CALIBRATING,300,,,,,40,0.000000,1.000000
2026-02-17 13:34:39.860,640.38,0.0315,0.0150,0.0150,99.7750,20355,0,36.02,125,49.92,879,5.517241,0.479858,CALIBRATING,300,,,,,40,0.000000,1.000000
2026-02-17 13:34:40.860,360.18,0.0183,0.0150,0.0150,3.0090,19686,0,46.51,52,27.93,566,3.616948,0.235903,CALIBRATING,300,,,,,40,0.000000,1.000000
2026-02-17 13:34:41.860,379.29,0.0202,0.0150,0.0150,12.4290,18739,0,59.45,70,14.49,482,2.362385,0.299168,CALIBRATING,300,,,,,40,0.000000,1.000000
2026-02-17 13:34:42.860,406.24,0.0139,0.0150,0.0150,3.7020,29143,1,61.23,120,20.53,764,2.897218,0.345717,CALIBRATING,300,,,,,40,0.000000,1.000000
2026-02-17 13:34:43.860,376.64,0.0150,0.0150,0.0150,3.1180,25046,2,41.03,44,18.20,533,2.686567,0.265523,CALIBRATING,300,,,,,40,0.000000,1.000000
2026-02-17 13:34:44.860,358.01,0.0201,0.0150,0.0150,4.0190,17824,0,22.91,15,16.26,496,2.935443,0.247605,CALIBRATING,300,,,,,40,0.000000,1.000000
2026-02-17 13:34:45.860,356.36,0.0190,0.0150,0.0150,3.9090,18719,0,38.45,132,22.49,806,2.247964,0.321897,CALIBRATING,300,,,,,40,0.000000,1.000000
2026-02-17 13:34:46.860,334.06,0.0175,0.0150,0.0150,3.0700,19040,0,50.79,45,13.85,476,2.753241,0.204301,CALIBRATING,300,,,,,40,0.000000,1.000000
2026-02-17 13:34:47.860,3284.77,0.1707,0.0150,0.0150,99.8690,19247,1,79.81,101,23.57,569,2.225792,15.202619,CALIBRATING,300,,,,,40,0.000000,1.000000
2026-02-17 13:34:48.860,368.63,0.0191,0.0150,0.0150,5.4760,19284,1,33.09,126,15.66,680,2.421391,0.284397,CALIBRATING,300,,,,,40,0.000000,1.000000
2026-02-17 13:34:49.860,1976.27,0.0991,0.0150,0.0150,99.7030,19933,2,46.92,51,26.09,691,3.133969,8.613299,CALIBRATING,300,,,,,40,0.000000,1.000000
2026-02-17 13:34:50.860,1854.31,0.1033,0.0150,0.0150,96.6770,17947,0,26.36,46,15.69,469,2.144004,7.658416,CALIBRATING,300,,,,,40,0.000000,1.000000
2026-02-17 13:34:51.860,348.93,0.0180,0.0150,0.0150,7.4700,19388,0,22.80,159,21.11,748,2.191624,0.231913,CALIBRATING,300,,,,,40,0.000000,1.000000
2026-02-17 13:34:52.860,2674.22,0.0961,0.0150,0.0150,99.9590,27814,1,25.90,25,18.90,580,2.757987,10.866254,CALIBRATING,300,,,,,40,0.000000,1.000000
2026-02-17 13:34:53.860,411.45,0.0160,0.0150,0.0150,4.0030,25734,1,42.96,45,27.76,571,3.319168,0.396307,CALIBRATING,300,,,,,40,0.000000,1.000000
2026-02-17 13:34:54.860,348.64,0.0188,0.0150,0.0150,4.0040,18581,0,60.87,156,35.14,783,3.466483,0.244598,CALIBRATING,300,,,,,40,0.000000,1.000000
2026-02-17 13:34:55.860,361.98,0.0183,0.0150,0.0150,4.0020,19786,0,52.30,115,41.57,785,2.111545,0.252005,CALIBRATING,300,,,,,40,0.000000,1.000000
2026-02-17 13:34:56.860,355.63,0.0207,0.0150,0.0150,4.5040,17209,0,89.18,117,16.78,471,2.098624,0.239306,CALIBRATING,300,,,,,40,0.000000,1.000000
2026-02-17 13:34:57.860,375.52,0.0187,0.0150,0.0150,4.0100,20060,0,64.51,205,19.09,789,2.592040,0.248487,CALIBRATING,300,,,,,40,0.000000,1.000000
2026-02-17 13:34:58.860,369.31,0.0195,0.0150,0.0150,4.0030,18950,0,17.07,18,16.53,483,2.434263,0.255915,CALIBRATING,300,,,,,40,0.000000,1.000000
2026-02-17 13:34:59.860,374.69,0.0196,0.0150,0.0150,4.0070,19073,0,40.58,60,19.48,585,2.903374,0.269597,CALIBRATING,300,,,,,40,0.000000,1.000000
2026-02-17 13:35:00.860,361.88,0.0166,0.0150,0.0150,3.0170,21751,2,44.51,171,21.99,824,2.572643,0.256295,CALIBRATING,300,,,,,40,0.000000,1.000000
2026-02-17 13:35:01.860,508.20,0.0276,0.0150,0.0150,96.8970,18432,0,51.43,54,12.73,418,2.041753,1.823132,CALIBRATING,300,,,,,40,0.000000,1.000000
2026-02-17 13:35:02.860,895.38,0.0319,0.0150,0.0150,99.8530,28044,0,32.09,37,23.24,593,2.377397,5.499387,CALIBRATING,300,,,,,40,0.000000,1.000000
2026-02-17 13:35:03.860,435.34,0.0169,0.0150,0.0150,4.0070,25718,2,65.19,215,16.88,691,3.813900,0.328795,CALIBRATING,300,,,,,40,0.000000,1.000000
2026-02-17 13:35:04.860,357.81,0.0190,0.0150,0.0150,3.9870,18811,0,32.30,56,17.68,663,2.213557,0.259586,CALIBRATING,300,,,,,40,0.000000,1.000000
2026-02-17 13:35:05.860,339.55,0.0184,0.0150,0.0150,3.9990,18424,0,24.04,37,27.47,633,2.111060,0.275902,CALIBRATING,300,,,,,40,0.000000,1.000000
2026-02-17 13:35:06.860,1201.36,0.0645,0.0150,0.0150,99.6290,18630,0,140.03,212,18.63,689,3.315741,8.072807,CALIBRATING,300,,,,,40,0.000000,1.000000
2026-02-17 13:35:07.860,516.46,0.0267,0.0150,0.0150,99.6830,19335,0,43.87,85,18.30,562,2.214318,0.411118,CALIBRATING,300,,,,,40,0.000000,1.000000
2026-02-17 13:35:08.860,342.35,0.0188,0.0150,0.0150,3.0350,18179,0,15.74,20,24.88,573,2.247964,0.230341,CALIBRATING,300,,,,,40,0.000000,1.000000
2026-02-17 13:35:09.860,388.55,0.0206,0.0150,0.0150,4.0010,18872,0,38.56,177,25.08,749,4.238456,0.294702,CALIBRATING,300,,,,,40,0.000000,1.000000
2026-02-17 13:35:10.860,2009.44,0.0930,0.0150,0.0150,99.8550,21614,0,185.01,309,45.79,735,2.263327,9.871528,CALIBRATING,300,,,,,40,0.000000,1.000000
2026-02-17 13:35:11.860,372.49,0.0194,0.0150,0.0150,4.0140,19206,0,24.73,41,27.98,574,2.202845,0.252792,CALIBRATING,300,,,,,40,0.000000,1.000000
2026-02-17 13:35:12.860,3310.27,0.1578,0.0150,0.0150,100.0300,20976,0,87.67,169,20.92,780,2.513486,12.664802,CALIBRATING,300,,,,,40,0.000000,1.000000
2026-02-17 13:35:13.860,441.60,0.0133,0.0150,0.0150,3.9600,33081,1,28.01,34,14.80,452,3.687960,0.442049,CALIBRATING,300,,,,,40,0.000000,1.000000
2026-02-17 13:35:14.860,359.33,0.0205,0.0150,0.0150,4.0040,17532,0,30.39,28,19.77,517,2.052046,0.248417,CALIBRATING,300,,,,,40,0.000000,1.000000
2026-02-17 13:35:15.860,1664.84,0.0824,0.0150,0.0150,177.4780,20196,0,27.67,160,24.35,841,2.179649,5.400617,CALIBRATING,300,,,,,40,0.000000,1.000000
2026-02-17 13:35:16.860,356.06,0.0189,0.0150,0.0150,4.0020,18819,0,47.23,42,15.37,503,2.203098,0.279920,CALIBRATING,300,,,,,40,0.000000,1.000000
2026-02-17 13:35:17.860,361.87,0.0188,0.0150,0.0150,3.9990,19277,0,37.78,71,16.56,559,2.193637,0.255576,CALIBRATING,300,,,,,40,0.000000,1.000000
2026-02-17 13:35:18.860,381.94,0.0208,0.0150,0.0150,5.0380,18323,1,24.98,150,22.79,712,3.313840,0.355661,CALIBRATING,300,,,,,40,0.000000,1.000000
2026-02-17 13:35:19.860,376.32,0.0183,0.0150,0.0150,4.0070,20553,0,50.12,59,18.79,685,2.570871,0.278109,CALIBRATING,300,,,,,40,0.000000,1.000000
2026-02-17 13:35:20.860,358.82,0.0191,0.0150,0.0150,6.0720,18800,2,48.07,52,23.86,532,2.213557,0.305521,CALIBRATING,300,,,,,40,0.000000,1.000000
2026-02-17 13:35:21.860,390.14,0.0199,0.0150,0.0150,4.0090,19629,0,42.13,148,18.84,684,2.914181,0.285668,CALIBRATING,300,,,,,40,0.000000,1.000000
2026-02-17 13:35:22.860,1021.80,0.0361,0.0150,0.0150,91.3420,28324,0,66.54,55,23.23,647,3.516433,4.365682,CALIBRATING,300,,,,,40,0.000000,1.000000
2026-02-17 13:35:23.860,404.05,0.0158,0.0150,0.0150,3.9860,25618,2,49.73,53,23.28,503,2.906376,0.337709,CALIBRATING,300,,,,,40,0.000000,1.000000
2026-02-17 13:35:24.860,350.10,0.0182,0.0150,0.0150,3.0140,19288,1,27.78,159,22.43,787,2.525542,0.290701,CALIBRATING,300,,,,,40,0.000000,1.000000
2026-02-17 13:35:25.860,402.87,0.0190,0.0150,0.0150,12.2340,21249,0,301.29,179,37.26,659,2.607397,0.391719,CALIBRATING,300,,,,,40,0.000000,1.000000
2026-02-17 13:35:26.860,378.86,0.0182,0.0150,0.0150,4.0000,20796,0,61.87,80,40.33,703,2.653038,0.278983,CALIBRATING,300,,,,,40,0.000000,1.000000
2026-02-17 13:35:27.860,371.06,0.0172,0.0150,0.0150,11.7050,21584,0,46.90,201,25.79,874,3.285468,0.287203,CALIBRATING,300,,,,,40,0.000000,1.000000
2026-02-17 13:35:28.860,346.58,0.0204,0.0150,0.0150,4.0140,16956,0,48.33,37,13.37,446,2.190367,0.245222,CALIBRATING,300,,,,,40,0.000000,1.000000
2026-02-17 13:35:29.860,549.64,0.0318,0.0150,0.0150,16.6020,17259,0,24.31,33,15.17,472,5.222681,0.454958,CALIBRATING,300,,,,,40,0.000000,1.000000
2026-02-17 13:35:30.860,364.56,0.0165,0.0150,0.0150,3.0120,22154,0,28.99,119,23.22,838,4.064294,0.256857,CALIBRATING,300,,,,,40,0.000000,1.000000
2026-02-17 13:35:31.860,401.24,0.0209,0.0150,0.0150,4.0570,19236,0,26.62,45,17.15,503,2.500860,0.294713,CALIBRATING,300,,,,,40,0.000000,1.000000
2026-02-17 13:35:32.860,359.58,0.0189,0.0150,0.0150,4.0070,19060,0,54.77,52,17.07,584,2.067302,0.270713,CALIBRATING,300,,,,,40,0.000000,1.000000
2026-02-17 13:35:33.860,6440.26,0.2097,0.0150,0.0150,199.7770,30713,5,63.47,147,25.41,707,4.516203,16.518103,CALIBRATING,300,,,,,40,0.000000,1.000000
2026-02-17 13:35:34.860,372.68,0.0178,0.0150,0.0150,3.6960,20954,0,48.30,74,19.41,727,2.940501,0.305496,CALIBRATING,300,,,,,40,0.000000,1.000000
2026-02-17 13:35:35.860,2342.47,0.0944,0.0150,0.0150,99.7980,24810,0,319.45,470,21.39,531,2.354968,7.418162,CALIBRATING,300,,,,,40,0.000000,1.000000
2026-02-17 13:35:36.860,362.01,0.0196,0.0150,0.0150,3.7280,18473,0,30.30,75,21.76,666,3.007001,0.250028,CALIBRATING,300,,,,,40,0.000000,1.000000
2026-02-17 13:35:37.860,3594.30,0.1780,0.0150,0.0150,199.0070,20194,1,52.91,71,22.04,623,2.260470,13.103863,CALIBRATING,300,,,,,40,0.000000,1.000000
2026-02-17 13:35:38.860,363.32,0.0212,0.0150,0.0150,3.8920,17107,0,35.24,31,15.52,457,2.029351,0.282084,CALIBRATING,300,,,,,40,0.000000,1.000000
2026-02-17 13:35:39.860,366.26,0.0195,0.0150,0.0150,3.8140,18787,0,32.97,137,29.91,770,2.490246,2.146653,CALIBRATING,300,,,,,40,0.000000,1.000000
2026-02-17 13:35:40.860,1196.56,0.0588,0.0150,0.0150,99.3930,20350,0,45.96,61,36.18,688,2.353076,7.600544,CALIBRATING,300,,,,,40,0.000000,1.000000
2026-02-17 13:35:41.860,336.44,0.0177,0.0150,0.0150,3.0050,19059,1,33.80,62,36.62,580,2.388060,0.221304,CALIBRATING,300,,,,,40,0.000000,1.000000
2026-02-17 13:35:42.860,395.20,0.0189,0.0150,0.0150,3.9090,20873,0,70.17,185,26.02,902,3.272477,0.278015,CALIBRATING,300,,,,,40,0.000000,1.000000
2026-02-17 13:35:43.860,426.80,0.0122,0.0150,0.0150,4.0060,35115,1,32.18,39,15.78,514,2.780011,0.500778,CALIBRATING,300,,,,,40,0.000000,1.000000
2026-02-17 13:35:44.860,339.86,0.0172,0.0150,0.0150,4.0050,19810,0,44.66,43,16.33,591,2.443221,0.253803,CALIBRATING,300,,,,,40,0.000000,1.000000
2026-02-17 13:35:45.860,339.31,0.0185,0.0150,0.0150,3.0370,18388,1,34.14,80,18.94,669,2.890571,0.220660,CALIBRATING,300,,,,,40,0.000000,1.000000
2026-02-17 13:35:46.860,340.92,0.0186,0.0150,0.0150,4.0270,18333,1,54.70,48,16.86,495,2.821101,0.260220,CALIBRATING,300,,,,,40,0.000000,1.000000
2026-02-17 13:35:47.860,389.44,0.0193,0.0150,0.0150,23.6870,20137,1,53.23,70,47.26,679,2.066116,0.394596,CALIBRATING,300,,,,,40,0.000000,1.000000
2026-02-17 13:35:48.860,324.19,0.0190,0.0150,0.0150,3.7310,17070,0,53.55,144,16.05,629,2.097421,0.203212,CALIBRATING,300,,,,,40,0.000000,1.000000
2026-02-17 13:35:49.860,376.61,0.0185,0.0150,0.0150,3.7670,20340,0,65.39,62,24.07,664,2.627955,0.250719,CALIBRATING,300,,,,,40,0.000000,1.000000
2026-02-17 13:35:50.860,324.50,0.0181,0.0150,0.0150,3.6750,17964,1,36.41,44,9.78,399,2.119858,0.232237,CALIBRATING,300,,,,,40,0.000000,1.000000
2026-02-17 13:35:51.860,347.55,0.0181,0.0150,0.0150,4.0100,19249,0,38.30,155,27.32,730,2.122046,0.260457,CALIBRATING,300,,,,,40,0.000000,1.000000
2026-02-17 13:35:52.860,468.93,0.0180,0.0150,0.0150,20.3530,26018,0,25.74,21,18.73,577,3.228401,0.495464,CALIBRATING,300,,,,,40,0.000000,1.000000
2026-02-17 13:35:53.860,397.62,0.0154,0.0150,0.0150,3.7290,25822,0,54.39,46,16.15,514,2.624943,0.334761,CALIBRATING,300,,,,,40,0.000000,1.000000
2026-02-17 13:35:54.860,3084.04,0.1571,0.0150,0.0150,99.8390,19628,0,35.88,165,25.07,744,3.057120,15.275356,CALIBRATING,300,,,,,40,0.000000,1.000000
2026-02-17 13:35:55.860,1450.58,0.0870,0.0150,0.0150,82.1420,16682,0,26.17,35,24.26,565,2.133762,3.591045,CALIBRATING,300,,,,,40,0.000000,1.000000
2026-02-17 13:35:56.860,386.47,0.0186,0.0150,0.0150,3.5410,20753,0,103.52,253,41.89,601,2.767888,0.308984,CALIBRATING,300,,,,,40,0.000000,1.000000
2026-02-17 13:35:57.860,3269.91,0.1496,0.0150,0.0150,185.3940,21854,1,35.80,226,35.34,930,3.273228,10.480991,CALIBRATING,300,,,,,40,0.000000,1.000000
2026-02-17 13:35:58.860,380.02,0.0204,0.0150,0.0150,4.0020,18606,0,43.98,45,18.04,537,2.293315,0.287292,CALIBRATING,300,,,,,40,0.000000,1.000000
2026-02-17 13:35:59.860,2740.94,0.1624,0.0150,0.0150,99.9260,16877,0,23.60,28,12.66,430,2.109366,18.410585,CALIBRATING,300,,,,,40,0.000000,1.000000
2026-02-17 13:36:00.860,525.71,0.0256,0.0150,0.0150,98.4470,20561,0,44.17,174,18.77,715,3.308063,0.748360,CALIBRATING,300,,,,,40,0.000000,1.000000
2026-02-17 13:36:01.860,359.28,0.0185,0.0150,0.0150,4.0120,19373,1,23.09,39,17.94,505,2.202845,0.279150,CALIBRATING,300,,,,,40,0.000000,1.000000
2026-02-17 13:36:02.860,414.24,0.0222,0.0150,0.0150,60.5730,18670,1,39.53,26,16.87,564,2.110818,0.465249,CALIBRATING,300,,,,,40,0.000000,1.000000
2026-02-17 13:36:03.860,427.14,0.0149,0.0150,0.0150,4.0140,28656,0,71.09,208,20.54,727,3.552949,0.397050,CALIBRATING,300,,,,,40,0.000000,1.000000
2026-02-17 13:36:04.860,386.98,0.0143,0.0150,0.0150,4.0080,27018,1,98.00,87,22.85,663,2.743972,0.275426,CALIBRATING,300,,,,,40,0.000000,1.000000
2026-02-17 13:36:05.860,343.85,0.0196,0.0150,0.0150,4.6270,17546,0,30.27,59,13.90,507,2.029118,0.238113,CALIBRATING,300,,,,,40,0.000000,1.000000
2026-02-17 13:36:06.860,368.11,0.0207,0.0150,0.0150,3.9970,17775,0,85.23,187,27.66,695,3.166954,0.230781,CALIBRATING,300,,,,,40,0.000000,1.000000
2026-02-17 13:36:07.860,382.32,0.0188,0.0150,0.0150,19.9310,20291,2,38.78,60,18.39,574,2.319706,0.314878,CALIBRATING,300,,,,,40,0.000000,1.000000
2026-02-17 13:36:08.860,364.64,0.0209,0.0150,0.0150,7.2880,17446,0,56.26,31,16.26,507,2.110334,0.352726,CALIBRATING,300,,,,,40,0.000000,1.000000
2026-02-17 13:36:09.860,381.11,0.0192,0.0150,0.0150,3.9040,19899,0,51.20,192,19.96,720,6.406429,0.289735,CALIBRATING,300,,,,,40,0.000000,1.000000
2026-02-17 13:36:10.860,362.06,0.0173,0.0150,0.0150,3.8740,20946,0,158.91,269,26.62,533,3.920441,0.250858,CALIBRATING,300,,,,,40,0.000000,1.000000
2026-02-17 13:36:11.860,350.41,0.0192,0.0150,0.0150,4.0040,18211,0,36.36,49,33.07,542,1.949318,0.273380,CALIBRATING,300,,,,,40,0.000000,1.000000
2026-02-17 13:36:12.860,550.19,0.0262,0.0150,0.0150,61.6520,20992,0,61.05,165,45.05,950,4.215968,0.688199,CALIBRATING,300,,,,,40,0.000000,1.000000
2026-02-17 13:36:13.860,381.66,0.0154,0.0150,0.0150,3.5530,24807,0,26.44,46,20.96,534,2.421669,0.286068,CALIBRATING,300,,,,,40,0.000000,1.000000
2026-02-17 13:36:14.860,423.77,0.0161,0.0150,0.0150,11.3360,26306,0,38.86,28,12.23,453,2.605901,0.457093,CALIBRATING,300,,,,,40,0.000000,1.000000
2026-02-17 13:36:15.860,373.92,0.0180,0.0150,0.0150,4.0000,20820,0,55.23,179,20.34,788,2.409362,0.254409,CALIBRATING,300,,,,,40,0.000000,1.000000
2026-02-17 13:36:16.860,2976.73,0.1781,0.0150,0.0150,99.7390,16710,1,60.51,58,15.60,474,2.108641,15.806290,CALIBRATING,300,,,,,40,0.000000,1.000000
2026-02-17 13:36:17.860,508.11,0.0243,0.0150,0.0150,61.6470,20867,1,43.16,73,21.33,684,4.238456,0.588604,CALIBRATING,300,,,,,40,0.000000,1.000000
2026-02-17 13:36:18.860,361.89,0.0176,0.0150,0.0150,4.0050,20565,0,117.90,108,16.10,570,12.225921,0.255190,CALIBRATING,300,,,,,40,0.000000,1.000000
2026-02-17 13:36:19.860,375.66,0.0165,0.0150,0.0150,3.0340,22791,1,37.66,152,31.24,997,3.851903,0.261430,CALIBRATING,300,,,,,40,0.000000,1.000000
2026-02-17 13:36:20.860,1976.79,0.0961,0.0150,0.0150,99.4770,20570,0,13.08,72,26.97,674,3.699449,5.864342,CALIBRATING,300,,,,,40,0.000000,1.000000
2026-02-17 13:36:21.860,345.16,0.0182,0.0150,0.0150,4.6200,18993,0,68.28,144,22.68,608,3.107798,0.210473,CALIBRATING,300,,,,,40,0.000000,1.000000
2026-02-17 13:36:22.860,1862.09,0.0698,0.0150,0.0150,99.8300,26676,2,33.29,18,22.16,620,4.419381,5.435244,CALIBRATING,300,,,,,40,0.000000,1.000000
2026-02-17 13:36:23.860,394.99,0.0162,0.0150,0.0150,4.0030,24364,0,41.55,42,17.61,505,3.619858,0.217154,CALIBRATING,300,,,,,40,0.000000,1.000000
2026-02-17 13:36:24.860,406.69,0.0191,0.0150,0.0150,12.8500,21346,0,353.85,257,21.52,789,3.136489,0.395855,CALIBRATING,300,,,,,40,0.000000,1.000000
2026-02-17 13:36:25.860,351.95,0.0175,0.0150,0.0150,3.9980,20069,0,35.83,58,31.18,660,2.180650,0.245089,CALIBRATING,300,,,,,40,0.000000,1.000000
2026-02-17 13:36:26.860,345.24,0.0197,0.0150,0.0150,3.7220,17485,0,30.42,28,32.40,531,1.960784,0.243622,CALIBRATING,300,,,,,40,0.000000,1.000000
2026-02-17 13:36:27.860,596.97,0.0290,0.0150,0.0150,70.3160,20572,4,44.05,192,44.98,947,3.208372,0.943047,CALIBRATING,300,,,,,40,0.000000,1.000000
2026-02-17 13:36:28.860,343.73,0.0190,0.0150,0.0150,4.0020,18056,0,21.07,17,17.33,531,2.186856,0.255922,CALIBRATING,300,,,,,40,0.000000,1.000000
2026-02-17 13:36:29.860,350.28,0.0217,0.0150,0.0150,3.6950,16130,0,36.88,31,14.06,440,1.937185,0.238009,CALIBRATING,300,,,,,40,0.000000,1.000000
2026-02-17 13:36:30.860,366.68,0.0180,0.0150,0.0150,4.0060,20330,2,37.61,156,17.55,756,2.524963,0.256586,CALIBRATING,300,,,,,40,0.000000,1.000000
2026-02-17 13:36:31.860,365.06,0.0192,0.0150,0.0150,3.7080,19057,0,39.49,53,16.41,484,2.328249,0.284701,CALIBRATING,300,,,,,40,0.000000,1.000000
2026-02-17 13:36:32.860,462.42,0.0261,0.0150,0.0150,60.4890,17745,0,12.46,14,17.99,557,2.867959,0.592227,CALIBRATING,300,,,,,40,0.000000,1.000000
2026-02-17 13:36:33.860,661.95,0.0249,0.0150,0.0150,99.4630,26585,0,42.30,130,20.02,743,2.628860,3.265289,CALIBRATING,300,,,,,40,0.000000,1.000000
2026-02-17 13:36:34.860,1059.48,0.0400,0.0150,0.0150,99.4580,26465,1,66.61,44,14.29,466,2.503158,13.149174,CALIBRATING,300,,,,,40,0.000000,1.000000
2026-02-17 13:36:35.860,1081.33,0.0414,0.0150,0.0150,99.4200,26134,1,322.63,529,25.85,764,2.873233,5.992775,CALIBRATING,300,,,,,40,0.000000,1.000000
2026-02-17 13:36:36.860,404.28,0.0206,0.0150,0.0150,4.0040,19668,1,41.89,171,18.71,757,4.431688,0.280983,CALIBRATING,300,,,,,40,0.000000,1.000000
2026-02-17 13:36:37.860,1923.13,0.1020,0.0150,0.0150,239.5280,18851,0,52.88,69,27.70,611,2.339181,9.828000,CALIBRATING,300,,,,,40,0.000000,1.000000
2026-02-17 13:36:38.860,379.45,0.0220,0.0150,0.0150,4.0030,17227,0,14.48,13,16.49,508,2.808989,0.293361,CALIBRATING,300,,,,,40,0.000000,1.000000
2026-02-17 13:36:39.860,4021.75,0.2284,0.0150,0.0150,188.1560,17605,0,32.65,168,17.09,669,2.202087,16.579154,CALIBRATING,300,,,,,40,0.000000,1.000000
2026-02-17 13:36:40.860,350.63,0.0172,0.0150,0.0150,4.0030,20359,0,39.46,54,25.49,595,2.329050,0.256377,CALIBRATING,300,,,,,40,0.000000,1.000000
2026-02-17 13:36:41.860,2266.24,0.1285,0.0150,0.0150,99.3780,17635,2,69.42,63,21.21,487,2.923641,7.042657,CALIBRATING,300,,,,,40,0.000000,1.000000
2026-02-17 13:36:42.860,356.36,0.0185,0.0150,0.0150,3.9620,19248,0,33.84,149,47.05,864,2.203857,0.275641,CALIBRATING,300,,,,,40,0.000000,1.000000
2026-02-17 13:36:43.860,2299.33,0.0895,0.0150,0.0150,99.7510,25684,1,28.61,30,29.76,581,2.412130,9.626868,CALIBRATING,300,,,,,40,0.000000,1.000000
2026-02-17 13:36:44.860,398.42,0.0151,0.0150,0.0150,3.1330,26311,1,33.83,34,14.44,497,2.444623,0.386030,CALIBRATING,300,,,,,40,0.000000,1.000000
2026-02-17 13:36:45.860,389.46,0.0184,0.0150,0.0150,3.7810,21117,0,45.56,174,22.03,913,3.179887,0.297898,CALIBRATING,300,,,,,40,0.000000,1.000000
2026-02-17 13:36:46.860,353.76,0.0197,0.0150,0.0150,3.9980,17959,1,40.71,38,15.06,460,2.490246,0.258084,CALIBRATING,300,,,,,40,0.000000,1.000000
2026-02-17 13:36:47.860,350.31,0.0181,0.0150,0.0150,5.0000,19338,1,27.26,61,19.48,587,2.096460,0.252753,CALIBRATING,300,,,,,40,0.000000,1.000000
2026-02-17 13:36:48.860,365.94,0.0208,0.0150,0.0150,3.9520,17592,0,58.37,150,16.92,674,3.040734,0.250410,CALIBRATING,300,,,,,40,0.000000,1.000000
2026-02-17 13:36:49.860,353.76,0.0196,0.0150,0.0150,4.0310,18022,1,22.30,26,13.27,463,1.969315,0.384677,CALIBRATING,300,,,,,40,0.000000,1.000000
2026-02-17 13:36:50.860,2507.41,0.1215,0.0150,0.0150,93.6970,20638,5,46.16,81,21.43,616,2.274555,7.064060,CALIBRATING,300,,,,,40,0.000000,1.000000
2026-02-17 13:36:51.860,375.98,0.0202,0.0150,0.0150,3.7010,18643,0,35.24,155,13.87,611,3.052209,0.257091,CALIBRATING,300,,,,,40,0.000000,1.000000
2026-02-17 13:36:52.860,387.55,0.0144,0.0150,0.0150,3.9990,26915,0,41.28,24,23.23,604,2.653647,0.287592,CALIBRATING,300,,,,,40,0.000000,1.000000
2026-02-17 13:36:53.860,400.30,0.0162,0.0150,0.0150,3.9290,24703,0,42.95,36,140.87,631,2.734689,0.283699,CALIBRATING,300,,,,,40,0.000000,1.000000
2026-02-17 13:36:54.860,347.51,0.0182,0.0150,0.0150,3.0390,19130,2,25.95,130,18.91,699,2.453566,0.424266,CALIBRATING,300,,,,,40,0.000000,1.000000
2026-02-17 13:36:55.860,361.11,0.0190,0.0150,0.0150,4.0010,18963,1,31.08,54,19.95,587,2.947924,0.245430,CALIBRATING,300,,,,,40,0.000000,1.000000
2026-02-17 13:36:56.860,361.44,0.0194,0.0150,0.0150,3.9900,18625,1,84.35,99,27.36,549,2.306368,0.322588,CALIBRATING,300,,,,,40,0.000000,1.000000
2026-02-17 13:36:57.860,16463.44,0.6326,0.0150,0.0150,61.9910,26026,8,201.61,184,36.28,983,14.695423,24.562510,CALIBRATING,300,,,,,40,0.000000,1.000000
2026-02-17 13:36:58.860,52715.39,2.7658,0.0150,0.0150,64.4000,19060,13,17.39,51,41.45,703,31.302473,74.885433,CALIBRATING,300,,,,,40,0.000000,1.000000
2026-02-17 13:36:59.860,53586.34,2.9196,0.0150,0.0150,61.9330,18354,13,32.78,33,18.95,467,30.586227,74.837090,CALIBRATING,300,,,,,40,0.000000,1.000000
2026-02-17 13:37:00.860,52995.55,2.2832,0.0150,0.0150,62.9340,23211,16,1370.91,441,19.70,732,31.675034,74.970280,CALIBRATING,300,,,,,40,0.000000,1.000000
2026-02-17 13:37:01.860,4961.95,0.2412,0.0150,0.0150,123.6810,20575,1,4256.03,123,8.00,436,28.835490,66.980946,CALIBRATING,300,,,,,40,0.000000,1.000000
2026-02-17 13:37:02.860,3112.25,0.1283,0.0150,0.0150,99.8760,24254,0,185.80,161,27.26,902,4.029937,14.896728,CALIBRATING,300,,,,,40,0.000000,1.000000
2026-02-17 13:37:03.860,425.99,0.0162,0.0150,0.0150,18.7960,26289,1,94.68,197,20.49,696,3.290761,0.390330,CALIBRATING,300,,,,,40,0.000000,1.000000
2026-02-17 13:37:04.860,2727.27,0.1460,0.0150,0.0150,99.5450,18680,0,19.68,26,15.06,492,2.834519,10.553268,CALIBRATING,300,,,,,40,0.000000,1.000000
2026-02-17 13:37:05.860,1891.71,0.0664,0.0150,0.0150,99.8840,28471,1,31.57,69,28.89,776,3.551724,5.877813,CALIBRATING,300,,,,,40,0.000000,1.000000
2026-02-17 13:37:06.860,614.93,0.0333,0.0150,0.0150,96.8850,18445,1,41.11,156,15.81,675,2.375760,2.324834,CALIBRATING,300,,,,,40,0.000000,1.000000
2026-02-17 13:37:07.860,1038.64,0.0540,0.0150,0.0150,99.8560,19218,3,47.19,79,24.90,604,2.168177,3.522222,CALIBRATING,300,,,,,40,0.000000,1.000000
2026-02-17 13:37:08.860,329.42,0.0196,0.0150,0.0150,3.7200,16844,0,21.22,16,16.62,485,2.097902,0.189290,CALIBRATING,300,,,,,40,0.000000,1.000000
2026-02-17 13:37:09.860,346.96,0.0186,0.0150,0.0150,4.0030,18630,2,34.64,115,20.30,715,2.339181,0.236578,CALIBRATING,300,,,,,40,0.000000,1.000000
2026-02-17 13:37:10.860,368.86,0.0181,0.0150,0.0150,3.7390,20358,0,195.22,282,16.84,497,2.192127,0.236698,CALIBRATING,300,,,,,40,0.000000,1.000000
2026-02-17 13:37:11.860,1202.77,0.0626,0.0150,0.0150,99.5680,19210,0,43.03,64,20.41,499,3.018132,8.777443,CALIBRATING,300,,,,,40,0.000000,1.000000
2026-02-17 13:37:12.860,492.03,0.0257,0.0150,0.0150,99.5650,19145,0,46.86,129,27.33,804,3.121772,0.436966,CALIBRATING,300,,,,,40,0.000000,1.000000
2026-02-17 13:37:13.860,439.61,0.0168,0.0150,0.0150,8.4390,26162,0,29.03,57,49.23,720,2.518110,0.334150,CALIBRATING,300,,,,,40,0.000000,1.000000
2026-02-17 13:37:14.860,377.40,0.0208,0.0150,0.0150,4.2450,18162,1,19.48,20,26.47,577,2.076402,0.247505,CALIBRATING,300,,,,,40,0.000000,1.000000
2026-02-17 13:37:15.860,450.51,0.0155,0.0150,0.0150,6.1330,29023,1,36.88,183,24.38,926,3.653493,0.359465,CALIBRATING,300,,,,,40,0.000000,1.000000
2026-02-17 13:37:16.860,346.87,0.0184,0.0150,0.0150,3.5780,18891,0,20.23,40,13.82,486,2.270642,0.234032,CALIBRATING,300,,,,,40,0.000000,1.000000
2026-02-17 13:37:17.860,357.08,0.0200,0.0150,0.0150,3.7360,17833,0,37.44,67,17.91,539,2.064220,0.376184,CALIBRATING,300,,,,,40,0.000000,1.000000
2026-02-17 13:37:18.860,338.23,0.0183,0.0150,0.0150,4.0030,18531,0,43.98,157,19.80,726,2.429799,0.235382,CALIBRATING,300,,,,,40,0.000000,1.000000
2026-02-17 13:37:19.860,361.24,0.0192,0.0150,0.0150,4.0250,18778,1,28.69,31,16.43,494,2.431750,0.246935,CALIBRATING,300,,,,,40,0.000000,1.000000
2026-02-17 13:37:20.860,382.88,0.0182,0.0150,0.0150,4.0090,21046,2,34.01,63,17.72,642,2.582941,0.387392,CALIBRATING,300,,,,,40,0.000000,1.000000
2026-02-17 13:37:21.860,369.33,0.0194,0.0150,0.0150,6.1210,18995,1,36.63,155,20.62,643,2.948600,0.273887,CALIBRATING,300,,,,,40,0.000000,1.000000
2026-02-17 13:37:22.860,715.63,0.0261,0.0150,0.0150,92.3470,27414,0,22.57,19,15.96,571,2.435382,4.089442,CALIBRATING,300,,,,,40,0.000000,1.000000
2026-02-17 13:37:23.860,808.55,0.0322,0.0150,0.0150,91.3470,25081,0,35.27,35,25.82,561,3.215803,0.929424,CALIBRATING,300,,,,,40,0.000000,1.000000
2026-02-17 13:37:24.860,3866.15,0.2121,0.0150,0.0150,99.8540,18224,1,29.32,144,16.59,680,3.061576,19.558130,CALIBRATING,300,,,,,40,0.000000,1.000000
2026-02-17 13:37:25.860,2534.06,0.1272,0.0150,0.0150,99.6650,19921,3,30.61,45,60.36,666,2.169920,9.653886,CALIBRATING,300,,,,,40,0.000000,1.000000
2026-02-17 13:37:26.860,2327.54,0.1297,0.0150,0.0150,99.8210,17943,2,56.80,55,23.23,523,3.553416,7.738078,CALIBRATING,300,,,,,40,0.000000,1.000000
2026-02-17 13:37:27.860,443.29,0.0182,0.0150,0.0150,16.8200,24295,1,82.25,309,29.50,882,3.012187,0.406672,CALIBRATING,300,,,,,40,0.000000,1.000000
2026-02-17 13:37:28.860,350.36,0.0201,0.0150,0.0150,3.8170,17415,0,30.23,26,43.73,632,2.030515,0.268159,CALIBRATING,300,,,,,40,0.000000,1.000000
2026-02-17 13:37:29.860,354.77,0.0208,0.0150,0.0150,4.0050,17060,0,16.24,11,26.04,502,3.292039,0.252513,CALIBRATING,300,,,,,40,0.000000,1.000000
2026-02-17 13:37:30.860,352.44,0.0163,0.0150,0.0150,3.0530,21676,1,47.56,148,18.84,728,2.594421,0.258260,CALIBRATING,300,,,,,40,0.000000,1.000000
2026-02-17 13:37:31.860,355.18,0.0197,0.0150,0.0150,3.9190,18013,1,62.28,51,12.61,430,2.753241,0.320042,CALIBRATING,300,,,,,40,0.000000,1.000000
2026-02-17 13:37:32.860,386.51,0.0185,0.0150,0.0150,21.0690,20905,0,47.42,56,15.71,570,2.468994,0.301427,CALIBRATING,300,,,,,40,0.000000,1.000000
2026-02-17 13:37:33.860,382.41,0.0149,0.0150,0.0150,4.0050,25722,1,57.99,157,19.52,704,2.766617,0.331052,CALIBRATING,300,,,,,40,0.000000,1.000000
2026-02-17 13:37:34.860,1978.04,0.1099,0.0150,0.0150,99.6010,18005,1,54.04,47,279.97,886,2.467577,8.581348,CALIBRATING,300,,,,,40,0.000000,1.000000
2026-02-17 13:37:35.860,462.79,0.0139,0.0150,0.0150,11.1780,33195,0,335.87,500,21.32,746,3.774019,0.452479,CALIBRATING,300,,,,,40,0.000000,1.000000
2026-02-17 13:37:36.860,364.51,0.0178,0.0150,0.0150,3.9560,20511,0,53.39,161,27.54,810,3.466085,0.244207,CALIBRATING,300,,,,,40,0.000000,1.000000
2026-02-17 13:37:37.860,350.61,0.0179,0.0150,0.0150,4.0060,19602,0,93.28,101,15.57,526,2.366728,0.262373,CALIBRATING,300,,,,,40,0.000000,1.000000
2026-02-17 13:37:38.860,328.38,0.0190,0.0150,0.0150,4.0090,17242,1,20.04,31,69.28,614,2.051106,0.206823,CALIBRATING,300,,,,,40,0.000000,1.000000
2026-02-17 13:37:39.860,385.08,0.0201,0.0150,0.0150,3.9010,19159,0,46.34,134,20.85,671,3.510382,0.280297,CALIBRATING,300,,,,,40,0.000000,1.000000
2026-02-17 13:37:40.860,374.61,0.0183,0.0150,0.0150,4.0080,20491,1,33.07,68,17.91,530,3.829397,0.241944,CALIBRATING,300,,,,,40,0.000000,1.000000
2026-02-17 13:37:41.860,371.30,0.0199,0.0150,0.0150,3.6940,18672,1,37.35,47,16.41,482,2.972570,0.255730,CALIBRATING,300,,,,,40,0.000000,1.000000
2026-02-17 13:37:42.860,376.17,0.0181,0.0150,0.0150,4.0030,20758,0,41.99,180,34.25,911,2.629162,0.288000,CALIBRATING,300,,,,,40,0.000000,1.000000
2026-02-17 13:37:43.860,383.89,0.0159,0.0150,0.0150,4.0230,24137,0,58.85,35,34.55,546,2.387786,0.283422,CALIBRATING,300,,,,,40,0.000000,1.000000
2026-02-17 13:37:44.860,361.25,0.0206,0.0150,0.0150,4.6600,17577,0,24.08,34,37.24,602,1.972477,0.649488,CALIBRATING,300,,,,,40,0.000000,1.000000
2026-02-17 13:37:45.860,6029.39,0.2435,0.0150,0.0150,100.1610,24757,3,48.27,167,24.33,828,4.216452,24.397802,CALIBRATING,300,,,,,40,0.000000,1.000000
2026-02-17 13:37:46.860,364.18,0.0153,0.0150,0.0150,3.0150,23771,0,34.39,49,13.89,511,2.571757,0.288279,CALIBRATING,300,,,,,40,0.000000,1.000000
2026-02-17 13:37:47.860,3240.27,0.1656,0.0150,0.0150,99.9580,19563,1,60.86,67,16.56,525,2.374943,11.265036,CALIBRATING,300,,,,,40,0.000000,1.000000
2026-02-17 13:37:48.860,3652.10,0.1902,0.0150,0.0150,99.8600,19203,1,42.36,171,19.62,721,3.143644,13.586088,CALIBRATING,300,,,,,40,0.000000,1.000000
2026-02-17 13:37:49.860,340.36,0.0203,0.0150,0.0150,4.0050,16749,0,32.40,24,15.99,454,2.074974,0.238276,CALIBRATING,300,,,,,40,0.000000,1.000000
2026-02-17 13:37:50.860,377.37,0.0173,0.0150,0.0150,4.0070,21800,1,40.23,71,19.27,686,3.121772,0.277824,CALIBRATING,300,,,,,40,0.000000,1.000000
2026-02-17 13:37:51.860,349.51,0.0189,0.0150,0.0150,3.7280,18528,0,34.62,149,23.92,691,2.064457,0.258284,CALIBRATING,300,,,,,40,0.000000,1.000000
2026-02-17 13:37:52.860,397.68,0.0148,0.0150,0.0150,3.9620,26833,0,28.32,40,16.21,597,2.501147,0.342292,CALIBRATING,300,,,,,40,0.000000,1.000000
2026-02-17 13:37:53.860,378.19,0.0157,0.0150,0.0150,3.7490,24116,0,19.13,18,10.31,392,2.351996,0.269625,CALIBRATING,300,,,,,40,0.000000,1.000000
2026-02-17 13:37:54.860,333.08,0.0177,0.0150,0.0150,3.1860,18791,0,41.66,160,27.86,805,2.315983,0.236035,CALIBRATING,300,,,,,40,0.000000,1.000000
2026-02-17 13:37:55.860,1804.81,0.0973,0.0150,0.0150,87.7180,18545,1,21.66,66,19.96,653,2.947586,4.346954,CALIBRATING,300,,,,,40,0.000000,1.000000
2026-02-17 13:37:56.860,511.38,0.0264,0.0150,0.0150,99.6630,19337,0,89.51,113,16.08,550,2.397339,6.153008,CALIBRATING,300,,,,,40,0.000000,1.000000
2026-02-17 13:37:57.860,360.23,0.0179,0.0150,0.0150,13.5670,20133,0,47.76,199,31.35,890,2.501434,0.264911,CALIBRATING,300,,,,,40,0.000000,1.000000
2026-02-17 13:37:58.860,343.48,0.0193,0.0150,0.0150,3.9990,17806,0,37.30,37,39.46,659,2.123020,0.246498,CALIBRATING,300,,,,,40,0.000000,1.000000
2026-02-17 13:37:59.860,613.57,0.0353,0.0150,0.0150,99.5750,17403,1,32.27,24,42.10,557,2.018349,2.541199,CALIBRATING,300,,,,,40,0.000000,1.000000
2026-02-17 13:38:00.860,372.01,0.0175,0.0150,0.0150,3.7550,21213,1,53.71,137,30.48,784,3.236543,0.262202,CALIBRATING,300,,,,,40,0.000000,1.000000
2026-02-17 13:38:01.860,341.55,0.0195,0.0150,0.0150,4.0050,17516,0,29.29,28,13.47,421,1.971573,0.265793,CALIBRATING,300,,,,,40,0.000000,1.000000
2026-02-17 13:38:02.860,377.31,0.0163,0.0150,0.0150,4.0020,23126,0,40.07,57,17.86,646,2.836147,0.274431,CALIBRATING,300,,,,,40,0.000000,1.000000
2026-02-17 13:38:03.860,398.50,0.0144,0.0150,0.0150,3.4630,27691,1,64.83,129,19.19,596,3.238401,0.297464,CALIBRATING,300,,,,,40,0.000000,1.000000
2026-02-17 13:38:04.860,324.33,0.0186,0.0150,0.0150,3.0340,17417,0,44.82,40,18.03,494,2.097181,0.202406,CALIBRATING,300,,,,,40,0.000000,1.000000
2026-02-17 13:38:05.860,384.39,0.0189,0.0150,0.0150,3.6990,20349,0,43.98,70,22.44,786,3.132171,0.262500,CALIBRATING,300,,,,,40,0.000000,1.000000
2026-02-17 13:38:06.860,411.15,0.0151,0.0150,0.0150,4.0020,27231,0,137.82,213,19.69,713,2.847629,0.346786,CALIBRATING,300,,,,,40,0.000000,1.000000
2026-02-17 13:38:07.860,354.60,0.0176,0.0150,0.0150,3.7430,20130,3,56.52,75,24.63,666,2.352806,0.238623,CALIBRATING,300,,,,,40,0.000000,1.000000
2026-02-17 13:38:08.860,4619.83,0.2474,0.0150,0.0150,99.9150,18673,0,31.99,35,13.67,502,2.820777,19.525125,CALIBRATING,300,,,,,40,0.000000,1.000000
2026-02-17 13:38:09.860,337.81,0.0198,0.0150,0.0150,4.6320,17069,0,38.92,150,26.53,711,2.052752,0.230307,CALIBRATING,300,,,,,40,0.000000,1.000000
2026-02-17 13:38:10.860,2575.26,0.1281,0.0150,0.0150,99.9280,20097,2,159.23,278,16.43,524,5.796602,8.226833,CALIBRATING,300,,,,,40,0.000000,1.000000
2026-02-17 13:38:11.860,2154.31,0.1228,0.0150,0.0150,99.4190,17550,0,43.60,41,14.40,430,1.961009,6.452145,CALIBRATING,300,,,,,40,0.000000,1.000000
2026-02-17 13:38:12.860,358.24,0.0174,0.0150,0.0150,3.7450,20548,0,59.08,169,31.23,892,2.237778,0.301913,CALIBRATING,300,,,,,40,0.000000,1.000000
2026-02-17 13:38:13.860,425.61,0.0163,0.0150,0.0150,4.0080,26105,1,32.08,38,23.79,517,2.630068,0.353432,CALIBRATING,300,,,,,40,0.000000,1.000000
2026-02-17 13:38:14.860,332.14,0.0190,0.0150,0.0150,4.0100,17490,0,38.63,48,42.18,573,2.006651,0.257913,CALIBRATING,300,,,,,40,0.000000,1.000000
2026-02-17 13:38:15.860,327.60,0.0178,0.0150,0.0150,3.7240,18422,0,20.81,152,29.23,828,2.111060,0.217627,CALIBRATING,300,,,,,40,0.000000,1.000000
2026-02-17 13:38:16.860,455.48,0.0170,0.0150,0.0150,4.0040,26786,1,45.02,58,18.37,516,3.560763,0.429076,CALIBRATING,300,,,,,40,0.000000,1.000000
2026-02-17 13:38:17.860,361.43,0.0189,0.0150,0.0150,3.9990,19110,0,36.67,58,15.28,531,2.304253,0.251923,CALIBRATING,300,,,,,40,0.000000,1.000000
2026-02-17 13:38:18.860,385.08,0.0210,0.0150,0.0150,4.0050,18295,1,26.03,82,18.20,655,3.133969,0.300524,CALIBRATING,300,,,,,40,0.000000,1.000000
2026-02-17 13:38:19.860,345.03,0.0200,0.0150,0.0150,4.0110,17245,1,46.31,37,16.05,464,2.464748,0.226491,CALIBRATING,300,,,,,40,0.000000,1.000000
2026-02-17 13:38:20.860,360.11,0.0173,0.0150,0.0150,3.7510,20820,0,17.47,67,21.14,711,3.340987,0.263707,CALIBRATING,300,,,,,40,0.000000,1.000000
2026-02-17 13:38:21.860,341.87,0.0185,0.0150,0.0150,4.0080,18489,0,41.94,162,15.21,642,2.098624,0.237896,CALIBRATING,300,,,,,40,0.000000,1.000000
2026-02-17 13:38:22.860,415.68,0.0152,0.0150,0.0150,6.5950,27314,0,35.53,47,26.32,677,2.412961,0.373402,CALIBRATING,300,,,,,40,0.000000,1.000000
2026-02-17 13:38:23.860,364.79,0.0153,0.0150,0.0150,3.9870,23878,0,23.13,24,11.35,411,2.374943,0.256403,CALIBRATING,300,,,,,40,0.000000,1.000000
2026-02-17 13:38:24.860,361.80,0.0192,0.0150,0.0150,4.0070,18815,1,45.36,167,23.05,714,2.305310,0.259698,CALIBRATING,300,,,,,40,0.000000,1.000000
2026-02-17 13:38:25.860,359.30,0.0203,0.0150,0.0150,4.0090,17664,0,50.74,42,18.98,524,2.820131,0.236790,CALIBRATING,300,,,,,40,0.000000,1.000000
2026-02-17 13:38:26.860,363.87,0.0193,0.0150,0.0150,4.0020,18838,0,49.91,54,17.41,521,2.465879,0.262631,CALIBRATING,300,,,,,40,0.000000,1.000000
2026-02-17 13:38:27.860,670.93,0.0333,0.0150,0.0150,81.3130,20119,1,67.09,207,23.37,820,2.377397,1.993505,CALIBRATING,300,,,,,40,0.000000,1.000000
2026-02-17 13:38:28.860,352.46,0.0195,0.0150,0.0150,4.0070,18109,0,30.70,49,29.80,609,2.304782,0.224497,CALIBRATING,300,,,,,40,0.000000,1.000000
2026-02-17 13:38:29.860,358.93,0.0203,0.0150,0.0150,3.9840,17662,0,36.09,27,31.19,503,2.109850,0.249528,CALIBRATING,300,,,,,40,0.000000,1.000000
2026-02-17 13:38:30.860,1625.49,0.0756,0.0150,0.0150,99.8220,21496,1,33.65,174,42.55,896,2.617981,8.347398,CALIBRATING,300,,,,,40,0.000000,1.000000
2026-02-17 13:38:31.860,502.07,0.0270,0.0150,0.0150,5.2010,18628,1,30.60,33,736.68,1235,4.081867,0.529488,CALIBRATING,300,,,,,40,0.000000,1.000000
2026-02-17 13:38:32.860,3425.65,0.1744,0.0150,0.0150,199.2770,19638,0,66.50,42,14.80,543,2.203604,13.103938,CALIBRATING,300,,,,,40,0.000000,1.000000
2026-02-17 13:38:33.860,3949.34,0.1474,0.0150,0.0150,100.0080,26798,2,68.66,188,17.99,666,3.823631,12.697943,CALIBRATING,300,,,,,40,0.000000,1.000000
2026-02-17 13:38:34.860,335.48,0.0183,0.0150,0.0150,4.0060,18297,0,53.30,67,22.78,684,2.167183,0.244200,CALIBRATING,300,,,,,40,0.000000,1.000000
2026-02-17 13:38:35.860,437.84,0.0152,0.0150,0.0150,3.4800,28865,0,330.08,457,22.81,732,3.931034,0.309992,CALIBRATING,300,,,,,40,0.000000,1.000000
2026-02-17 13:38:36.860,396.43,0.0145,0.0150,0.0150,3.0300,27328,1,37.57,165,17.63,737,2.676315,0.433518,CALIBRATING,300,,,,,40,0.000000,1.000000
2026-02-17 13:38:37.860,350.95,0.0175,0.0150,0.0150,3.9910,20063,0,26.67,58,18.30,552,3.171320,0.222327,CALIBRATING,300,,,,,40,0.000000,1.000000
2026-02-17 13:38:38.860,349.66,0.0194,0.0150,0.0150,6.3100,18004,0,30.74,41,19.79,518,2.978236,0.224363,CALIBRATING,300,,,,,40,0.000000,1.000000
2026-02-17 13:38:39.860,349.73,0.0202,0.0150,0.0150,4.0010,17299,0,57.56,154,15.75,657,2.051811,0.239192,CALIBRATING,300,,,,,40,0.000000,1.000000
2026-02-17 13:38:40.860,356.25,0.0182,0.0150,0.0150,4.0040,19574,0,40.09,62,26.99,593,2.027027,0.241786,CALIBRATING,300,,,,,40,0.000000,1.000000
2026-02-17 13:38:41.860,347.03,0.0190,0.0150,0.0150,4.0020,18297,1,39.10,51,15.27,453,2.090752,0.272571,CALIBRATING,300,,,,,40,0.000000,1.000000
2026-02-17 13:38:42.860,350.58,0.0170,0.0150,0.0150,3.9890,20617,0,39.04,165,23.50,885,2.265965,0.247024,CALIBRATING,300,,,,,40,0.000000,1.000000
2026-02-17 13:38:43.860,387.18,0.0155,0.0150,0.0150,3.9990,24902,2,27.81,27,25.52,521,2.485330,0.268992,CALIBRATING,300,,,,,40,0.000000,1.000000
2026-02-17 13:38:44.860,381.25,0.0199,0.0150,0.0150,4.0060,19136,0,56.51,59,24.55,662,2.920962,0.297418,CALIBRATING,300,,,,,40,0.000000,1.000000
2026-02-17 13:38:45.860,384.20,0.0197,0.0150,0.0150,4.0060,19460,1,43.95,106,48.12,881,3.300748,0.253833,CALIBRATING,300,,,,,40,0.000000,1.000000
2026-02-17 13:38:46.860,358.16,0.0203,0.0150,0.0150,3.5440,17672,1,46.44,56,27.08,556,2.375215,0.248992,CALIBRATING,300,,,,,40,0.000000,1.000000
2026-02-17 13:38:47.860,393.95,0.0142,0.0150,0.0150,6.0030,27731,2,56.81,60,17.50,570,2.396514,0.292847,CALIBRATING,300,,,,,40,0.000000,1.000000
2026-02-17 13:38:48.860,1075.22,0.0579,0.0150,0.0150,102.0110,18577,0,37.99,148,16.89,693,3.268349,7.766220,CALIBRATING,300,,,,,40,0.000000,1.000000
2026-02-17 13:38:49.860,757.81,0.0445,0.0150,0.0150,100.6650,17040,0,48.80,37,16.47,480,2.201835,1.916642,CALIBRATING,300,,,,,40,0.000000,1.000000
2026-02-17 13:38:50.860,399.79,0.0199,0.0150,0.0150,7.4180,20132,1,47.23,88,22.26,730,2.579979,2.177948,CALIBRATING,300,,,,,40,0.000000,1.000000
2026-02-17 13:38:51.860,5547.98,0.2992,0.0150,0.0150,99.8420,18543,0,32.57,167,14.92,616,2.247449,16.461276,CALIBRATING,300,,,,,40,0.000000,1.000000
2026-02-17 13:38:52.860,438.39,0.0166,0.0150,0.0150,21.5250,26362,1,28.55,37,19.11,611,2.365912,0.358036,CALIBRATING,300,,,,,40,0.000000,1.000000
2026-02-17 13:38:53.860,398.06,0.0160,0.0150,0.0150,3.0450,24899,0,53.25,40,19.17,478,3.235800,0.280260,CALIBRATING,300,,,,,40,0.000000,1.000000
2026-02-17 13:38:54.860,3795.99,0.1919,0.0150,0.0150,99.6830,19779,1,74.58,177,15.34,696,2.959734,13.382781,CALIBRATING,300,,,,,40,0.000000,1.000000
2026-02-17 13:38:55.860,379.84,0.0204,0.0150,0.0150,4.0040,18634,0,36.66,68,30.93,704,2.581459,0.268974,CALIBRATING,300,,,,,40,0.000000,1.000000
2026-02-17 13:38:56.860,351.34,0.0201,0.0150,0.0150,5.0070,17444,0,84.21,117,15.99,502,2.156458,0.263928,CALIBRATING,300,,,,,40,0.000000,1.000000
2026-02-17 13:38:57.860,423.81,0.0148,0.0150,0.0150,3.7140,28628,2,54.57,194,22.19,831,3.520642,0.345169,CALIBRATING,300,,,,,40,0.000000,1.000000
2026-02-17 13:38:58.860,355.41,0.0194,0.0150,0.0150,3.9310,18279,0,37.08,36,18.55,545,2.067302,0.289441,CALIBRATING,300,,,,,40,0.000000,1.000000
2026-02-17 13:38:59.860,790.51,0.0433,0.0150,0.0150,99.4880,18254,0,21.13,29,26.43,508,2.214064,7.507155,CALIBRATING,300,,,,,40,0.000000,1.000000
2026-02-17 13:39:00.860,642.11,0.0297,0.0150,0.0150,99.5070,21613,1,35.52,120,36.71,839,3.707530,0.976885,CALIBRATING,300,,,,,40,0.000000,1.000000
2026-02-17 13:39:01.860,361.42,0.0171,0.0150,0.0150,4.0110,21184,1,75.47,187,35.74,547,2.562040,0.261493,CALIBRATING,300,,,,,40,0.000000,1.000000
2026-02-17 13:39:02.860,346.80,0.0172,0.0150,0.0150,3.3030,20112,0,49.71,35,20.26,620,3.073042,0.233112,CALIBRATING,300,,,,,40,0.000000,1.000000
2026-02-17 13:39:03.860,377.48,0.0145,0.0150,0.0150,3.7380,26013,1,72.36,197,15.46,605,2.823691,0.244302,CALIBRATING,300,,,,,40,0.000000,1.000000
2026-02-17 13:39:04.860,450.58,0.0247,0.0150,0.0150,4.2510,18229,0,81.09,46,332.97,895,2.616780,0.348498,CALIBRATING,300,,,,,40,0.000000,1.000000
2026-02-17 13:39:05.860,369.03,0.0189,0.0150,0.0150,3.9730,19539,0,32.55,70,24.15,775,2.225536,0.258207,CALIBRATING,300,,,,,40,0.000000,1.000000
2026-02-17 13:39:06.860,357.44,0.0182,0.0150,0.0150,3.4430,19604,0,117.24,203,21.29,754,2.270903,0.264793,CALIBRATING,300,,,,,40,0.000000,1.000000
2026-02-17 13:39:07.860,1828.86,0.0677,0.0150,0.0150,163.6650,27024,1,37.96,57,17.82,564,3.168772,12.873511,CALIBRATING,300,,,,,40,0.000000,1.000000
2026-02-17 13:39:08.860,504.02,0.0283,0.0150,0.0150,99.6660,17803,0,29.54,32,22.84,565,2.064220,1.405508,CALIBRATING,300,,,,,40,0.000000,1.000000
2026-02-17 13:39:09.860,367.75,0.0178,0.0150,0.0150,3.0660,20607,0,43.59,169,15.13,649,3.983927,0.253809,CALIBRATING,300,,,,,40,0.000000,1.000000
2026-02-17 13:39:10.860,364.74,0.0169,0.0150,0.0150,4.0070,21547,0,210.54,321,23.24,565,3.813024,0.273505,CALIBRATING,300,,,,,40,0.000000,1.000000
2026-02-17 13:39:11.860,469.41,0.0278,0.0150,0.0150,95.8600,16902,0,25.46,26,16.27,449,1.947754,1.808069,CALIBRATING,300,,,,,40,0.000000,1.000000
2026-02-17 13:39:12.860,874.38,0.0420,0.0150,0.0150,99.7990,20796,1,51.97,145,24.30,797,4.274879,6.071528,CALIBRATING,300,,,,,40,0.000000,1.000000
2026-02-17 13:39:13.860,4397.86,0.1733,0.0150,0.0150,99.8710,25375,2,51.80,29,18.43,489,2.465596,14.121297,FROZEN,300,,,,,40,0.000000,1.000000
2026-02-17 13:39:14.860,345.78,0.0187,0.0150,0.0150,3.0350,18481,0,28.29,42,27.00,566,2.413911,0.247960,FROZEN,300,0.237792,,,0.000000,40,0.000000,1.000000
2026-02-17 13:39:15.860,2706.61,0.1431,0.0150,0.0150,99.9090,18919,0,42.80,156,37.98,845,2.266452,9.987982,FROZEN,300,0.409997,,0.172205,0.172205,40,0.017221,1.000000
2026-02-17 13:39:16.860,1076.54,0.0632,0.0150,0.0150,99.6330,17027,0,36.76,48,38.10,604,2.178150,10.866995,FROZEN,300,0.405683,,-0.004315,0.088260,40,0.015930,1.000000
2026-02-17 13:39:17.860,2393.33,0.0869,0.0150,0.0150,99.5830,27556,2,33.76,57,20.61,589,4.001380,6.008493,FROZEN,300,0.180292,,-0.225390,0.133970,27,0.036876,1.000000
2026-02-17 13:39:18.860,357.43,0.0184,0.0150,0.0150,4.0020,19375,0,61.86,161,17.74,738,2.257880,0.283098,FROZEN,300,0.408618,,0.228326,0.157559,17,0.056021,1.000000
2026-02-17 13:39:19.860,331.69,0.0190,0.0150,0.0150,3.7420,17484,0,16.05,18,12.52,435,2.486821,0.234399,FROZEN,300,0.280380,,-0.128238,0.151695,15,0.063243,1.000000
2026-02-17 13:39:20.860,364.41,0.0178,0.0150,0.0150,6.4610,20446,3,24.33,78,22.43,785,2.227325,0.268009,FROZEN,300,0.376384,,0.096004,0.142413,15,0.066519,1.000000
2026-02-17 13:39:21.860,341.33,0.0179,0.0150,0.0150,3.0290,19042,0,31.80,117,18.26,652,2.213303,0.225970,FROZEN,300,0.394285,,0.017901,0.124626,16,0.061657,1.000000
2026-02-17 13:39:22.860,378.24,0.0190,0.0150,0.0150,5.3490,19930,0,64.91,69,18.66,616,2.970183,0.286192,FROZEN,300,0.263415,,-0.130870,0.125406,14,0.068578,1.000000
2026-02-17 13:39:23.860,1021.33,0.0420,0.0150,0.0150,49.1240,24324,0,43.88,33,16.27,492,2.503445,4.686417,FROZEN,300,0.273563,,0.010148,0.112600,15,0.062735,1.000000
2026-02-17 13:39:24.860,325.07,0.0180,0.0150,0.0150,3.0220,18093,0,64.83,148,20.79,666,2.567630,0.229802,FROZEN,300,0.313568,,0.040004,0.105340,16,0.060462,1.000000
2026-02-17 13:39:25.860,351.29,0.0185,0.0150,0.0150,3.7350,18941,1,19.26,28,15.76,526,2.098383,0.222784,FROZEN,300,0.275011,,-0.038556,0.099269,17,0.058272,1.000000
2026-02-17 13:39:26.860,348.36,0.0196,0.0150,0.0150,3.7650,17773,0,39.79,49,26.84,614,2.007341,0.228228,FROZEN,300,0.189773,,-0.085238,0.098100,16,0.060968,1.000000
2026-02-17 13:39:27.860,399.75,0.0164,0.0150,0.0150,4.0070,24353,1,69.61,215,21.46,797,4.294408,0.285943,FROZEN,300,0.392763,,0.202989,0.100665,13,0.075170,1.000000
2026-02-17 13:39:28.860,384.34,0.0173,0.0150,0.0150,3.8520,22183,1,30.88,35,19.37,593,2.547040,0.351479,FROZEN,300,0.237013,,-0.155750,0.103093,12,0.083228,1.000000
2026-02-17 13:39:29.860,358.86,0.0196,0.0150,0.0150,3.6090,18282,0,34.23,25,22.17,479,3.432442,0.221534,FROZEN,300,0.316328,,0.079315,0.089547,12,0.082837,1.000000
2026-02-17 13:39:30.860,365.32,0.0167,0.0150,0.0150,3.1330,21887,0,47.04,194,26.14,819,2.628558,0.275116,FROZEN,300,0.371324,,0.054995,0.082888,12,0.080053,1.000000
2026-02-17 13:39:31.860,346.17,0.0194,0.0150,0.0150,4.0070,17888,1,21.40,28,41.45,542,1.985083,0.237001,FROZEN,300,0.668222,,0.296898,0.119218,9,0.101737,1.000000
2026-02-17 13:39:32.860,348.53,0.0186,0.0150,0.0150,3.0200,18751,0,38.97,32,29.07,623,2.339450,0.271075,FROZEN,300,0.272796,,-0.395425,0.197562,7,0.131106,1.000000
2026-02-17 13:39:33.860,746.33,0.0297,0.0150,0.0150,100.1240,25094,1,47.55,180,17.68,677,3.584864,2.047990,FROZEN,300,0.400874,,0.128078,0.131087,22,0.130803,2.881749
2026-02-17 13:39:34.860,3153.21,0.1824,0.0150,0.0150,120.5000,17285,0,51.18,41,13.79,475,2.240496,21.749235,FROZEN,300,0.490928,,0.090054,0.129035,22,0.126728,2.881749
2026-02-17 13:39:35.860,3914.20,0.1474,0.0150,0.0150,99.8500,26555,1,307.60,491,23.29,734,2.643678,15.853557,FROZEN,300,0.356840,,-0.134088,0.129276,22,0.127464,2.881749
2026-02-17 13:39:36.860,367.35,0.0206,0.0150,0.0150,4.0060,17826,1,19.38,147,21.02,702,2.282634,0.351702,FROZEN,300,0.419739,,0.062899,0.126259,23,0.121008,2.881749
2026-02-17 13:39:37.860,2632.75,0.0961,0.0150,0.0150,99.7720,27397,2,39.67,71,17.67,548,3.663719,8.446775,FROZEN,300,0.235606,,-0.184133,0.132633,22,0.127320,2.881749
2026-02-17 13:39:38.860,363.30,0.0189,0.0150,0.0150,4.0040,19207,3,45.44,42,15.71,465,2.259433,0.279406,FROZEN,300,0.245089,,0.009483,0.121700,24,0.115537,2.881749
2026-02-17 13:39:39.860,2534.94,0.1420,0.0150,0.0150,99.6710,17854,0,27.16,155,20.73,679,3.358936,9.840311,FROZEN,300,0.469471,,0.224382,0.122164,22,0.126421,2.881749
2026-02-17 13:39:40.860,355.46,0.0168,0.0150,0.0150,4.0070,21144,2,39.69,60,14.88,532,2.697738,0.248296,FROZEN,300,0.307620,,-0.161851,0.123765,22,0.129964,2.881749
2026-02-17 13:39:41.860,326.15,0.0182,0.0150,0.0150,3.0180,17943,1,58.21,55,19.09,444,2.299245,0.235618,FROZEN,300,0.213784,,-0.093836,0.123662,22,0.126351,2.881749
2026-02-17 13:39:42.860,363.10,0.0177,0.0150,0.0150,3.9970,20501,0,34.40,142,24.17,814,2.704569,0.266167,FROZEN,300,0.387831,,0.174047,0.131109,21,0.131121,2.881749
2026-02-17 13:39:43.860,408.11,0.0156,0.0150,0.0150,19.3670,26113,0,37.48,38,18.94,507,2.481333,0.313438,FROZEN,300,0.213662,,-0.174169,0.139310,21,0.135426,2.881749
2026-02-17 13:39:44.860,369.10,0.0203,0.0150,0.0150,4.0140,18158,0,69.41,43,15.43,474,2.143758,0.321997,FROZEN,300,0.420737,,0.207075,0.153406,20,0.142591,2.881749
2026-02-17 13:39:45.860,358.40,0.0180,0.0150,0.0150,4.0060,19885,0,32.37,184,33.60,899,2.457510,0.234071,FROZEN,300,0.365628,,-0.055109,0.148491,21,0.133843,2.881749
2026-02-17 13:39:46.860,363.32,0.0201,0.0150,0.0150,4.0070,18090,1,47.82,59,31.41,541,2.443501,0.286143,FROZEN,300,0.360442,,-0.005186,0.136980,23,0.120977,2.881749
2026-02-17 13:39:47.860,397.12,0.0211,0.0150,0.0150,19.4410,18863,1,45.37,70,38.79,648,2.237522,0.309994,FROZEN,300,0.397981,,0.037539,0.128796,25,0.112633,2.881749
2026-02-17 13:39:48.860,425.58,0.0159,0.0150,0.0150,4.5170,26737,0,50.44,149,21.62,736,3.421748,0.370587,FROZEN,300,0.363755,,-0.034226,0.120595,27,0.104792,2.881749
2026-02-17 13:39:49.860,360.58,0.0198,0.0150,0.0150,4.0080,18220,1,35.12,40,14.32,498,2.029817,0.817936,FROZEN,300,0.278449,,-0.085306,0.119288,28,0.102844,2.881749
2026-02-17 13:39:50.860,1212.68,0.0585,0.0150,0.0150,99.3800,20719,2,39.22,77,19.61,675,2.500574,10.203328,FROZEN,300,0.266844,,-0.011605,0.115974,30,0.093720,2.881749
2026-02-17 13:39:51.860,343.19,0.0189,0.0150,0.0150,3.7540,18136,0,38.24,170,17.45,653,2.351457,0.211483,FROZEN,300,0.420444,,0.153600,0.123549,28,0.099708,2.881749
2026-02-17 13:39:52.860,367.57,0.0189,0.0150,0.0150,3.7270,19427,0,35.47,37,19.31,607,3.029608,0.277850,FROZEN,300,0.246781,,-0.173664,0.127309,26,0.107104,2.881749
2026-02-17 13:39:53.860,376.16,0.0148,0.0150,0.0150,3.0440,25455,0,24.33,12,13.40,441,2.858783,0.257460,FROZEN,300,0.608220,,0.361440,0.121685,21,0.132537,2.881749
2026-02-17 13:39:54.860,387.72,0.0198,0.0150,0.0150,5.0050,19618,0,72.42,92,21.57,544,3.997702,0.771873,FROZEN,300,0.182991,,-0.425229,0.148642,17,0.161806,2.881749
2026-02-17 13:39:55.860,379.40,0.0181,0.0150,0.0150,3.7270,20987,1,44.59,159,21.90,921,2.537605,0.269304,FROZEN,300,0.439043,,0.256053,0.149872,16,0.171231,2.881749
2026-02-17 13:39:56.860,1823.38,0.1022,0.0150,0.0150,99.0690,17833,0,82.40,125,23.36,624,2.271424,5.191103,FROZEN,300,0.173338,,-0.265705,0.160422,15,0.180678,2.881749
2026-02-17 13:39:57.860,3199.63,0.1609,0.0150,0.0150,99.7940,19886,1,47.28,220,25.09,932,3.213589,12.467955,FROZEN,300,0.530292,,0.356954,0.170893,14,0.198306,2.881749
2026-02-17 13:39:58.860,399.48,0.0144,0.0150,0.0150,4.0120,27755,0,34.23,43,22.86,692,2.401471,0.369388,FROZEN,300,0.242427,,-0.287864,0.204099,13,0.207262,2.881749
2026-02-17 13:39:59.860,334.19,0.0211,0.0150,0.0150,4.0010,15851,0,72.08,38,16.98,525,1.925060,0.213499,FROZEN,300,0.534659,,0.292232,0.225323,13,0.215759,2.881749
2026-02-17 13:40:00.860,370.52,0.0174,0.0150,0.0150,4.0060,21242,0,47.73,204,33.54,946,2.615579,0.264907,FROZEN,300,0.351595,,-0.183064,0.237726,13,0.212489,2.881749
2026-02-17 13:40:01.860,1882.61,0.0815,0.0150,0.0150,99.7250,23102,2,61.72,42,19.32,862,2.550258,6.541431,FROZEN,300,0.427667,,0.076072,0.225291,14,0.198848,2.881749
2026-02-17 13:40:02.860,3909.32,0.1996,0.0150,0.0150,99.9100,19586,2,32.14,44,46.01,799,3.123923,12.026280,FROZEN,300,0.579069,,0.151402,0.230376,14,0.194103,2.881749
2026-02-17 13:40:03.860,386.02,0.0150,0.0150,0.0150,4.0290,25705,0,114.17,222,31.13,818,3.770115,0.267275,FROZEN,300,0.253796,,-0.325273,0.262913,13,0.207220,2.881749
2026-02-17 13:40:04.860,637.66,0.0333,0.0150,0.0150,99.5700,19173,0,53.09,58,16.80,536,2.238806,2.334209,FROZEN,300,0.212773,,-0.041022,0.239255,15,0.190600,2.881749
2026-02-17 13:40:05.860,360.69,0.0184,0.0150,0.0150,3.0430,19650,0,66.93,90,21.30,770,2.237265,0.240300,FROZEN,300,0.300213,,0.087439,0.234530,15,0.180284,2.881749
2026-02-17 13:40:06.860,344.64,0.0172,0.0150,0.0150,3.0060,20058,0,96.52,227,20.68,750,2.443501,0.236596,FROZEN,300,0.357174,,0.056961,0.218373,17,0.167952,2.881749
2026-02-17 13:40:07.860,411.80,0.0147,0.0150,0.0150,3.9990,27927,1,42.12,67,22.38,623,3.478760,0.295051,FROZEN,300,0.237439,,-0.119735,0.216257,17,0.163130,2.881749
2026-02-17 13:40:08.860,360.18,0.0194,0.0150,0.0150,3.7630,18572,0,38.56,45,14.41,493,2.235726,0.315752,FROZEN,300,0.272585,,0.035146,0.202714,19,0.150332,2.881749
2026-02-17 13:40:09.860,348.93,0.0195,0.0150,0.0150,3.0310,17918,1,59.13,170,18.89,691,2.685026,0.275904,FROZEN,300,0.376507,,0.103922,0.199954,19,0.145691,2.881749
2026-02-17 13:40:10.860,365.26,0.0178,0.0150,0.0150,4.0310,20498,0,206.96,296,20.71,557,2.123752,0.294913,FROZEN,300,0.208373,,-0.168134,0.199647,19,0.147935,2.881749
2026-02-17 13:40:11.860,376.81,0.0207,0.0150,0.0150,4.0040,18232,0,25.93,37,11.36,404,5.702157,0.299879,FROZEN,300,0.292488,,0.084115,0.193566,20,0.141553,2.881749
2026-02-17 13:40:12.860,420.55,0.0208,0.0150,0.0150,20.4720,20230,0,45.22,171,31.96,857,3.364336,0.312685,FROZEN,300,0.327053,,0.034565,0.185047,22,0.130854,2.881749
2026-02-17 13:40:13.860,367.10,0.0154,0.0150,0.0150,3.0740,23906,1,41.90,26,16.38,478,2.350648,0.262969,FROZEN,300,0.419325,,0.092272,0.181171,22,0.126996,2.881749
2026-02-17 13:40:14.860,349.50,0.0188,0.0150,0.0150,3.7580,18621,0,57.02,65,15.59,503,2.306104,0.247504,FROZEN,300,0.251860,-1.0,-0.167465,0.159270,21,0.131043,2.881749
2026-02-17 13:40:15.860,362.65,0.0189,0.0150,0.0150,3.9760,19172,0,49.16,117,29.29,845,2.420558,0.262831,FROZEN,300,0.288953,-1.0,0.037093,0.165805,23,0.121648,2.881749
2026-02-17 13:40:16.860,354.53,0.0196,0.0150,0.0150,4.0060,18103,0,53.13,52,23.15,585,2.201835,0.259474,FROZEN,300,0.198301,-1.0,-0.090652,0.162538,24,0.118548,2.881749
2026-02-17 13:40:17.860,368.88,0.0202,0.0150,0.0150,3.7730,18254,0,45.75,62,42.36,640,2.926325,0.255936,FROZEN,300,0.494071,1.0,0.295770,0.136510,21,0.136270,2.881749
2026-02-17 13:40:18.860,421.39,0.0148,0.0150,0.0150,4.0220,28471,1,17.72,68,30.89,761,3.504136,0.377164,FROZEN,300,0.334774,-1.0,-0.159298,0.121547,20,0.138573,2.881749
2026-02-17 13:40:19.860,377.01,0.0197,0.0150,0.0150,4.6590,19104,0,40.58,40,15.73,486,2.616780,0.268394,FROZEN,300,0.245120,-1.0,-0.089654,0.119953,21,0.133681,2.881749
2026-02-17 13:40:20.860,4141.10,0.1976,0.0150,0.0150,99.8050,20960,1,22.02,69,17.93,679,2.466728,19.695871,FROZEN,300,0.610206,1.0,0.365086,0.119313,18,0.156822,2.881749
2026-02-17 13:40:21.860,374.71,0.0181,0.0150,0.0150,3.9640,20729,1,49.70,170,20.34,729,3.409482,0.247870,FROZEN,300,0.388849,1.0,-0.221357,0.132576,17,0.163275,2.881749
